3166 4952
1268 436 1592 501 -73-

450 577 565 638 179
576 608 674 632 .-
687 573 844 636 Hinc
890 553 1230 655 respondet
1257 571 1580 653 quodlibet
1608 572 1692 634 ad
1727 572 2011 653 interrog
2370 575 2377 580 “

684 677 760 738 Et
778 675 1044 739 absolvit
1062 674 1368 756 quidquid
1387 681 1484 738 est
1502 674 1879 755 questionis(
1885 676 1944 754 1)
1963 694 2005 736 n

686 782 844 844 Hinc
919 781 1214 862 perfectis
1277 780 1560 842 animum
1630 779 1868 843 meritis
1925 779 2007 844 be
2050 623 2270 968 }at¹¹m

683 886 907 950 Intima
960 885 1294 949 dulcedine
1362 884 1569 949 reddit
1623 904 1937 967 sapor..
1988 930 2005 949 .

449 1032 675 1093 180.-
691 1028 855 1091 Hinc
878 1027 1145 1090 rebelles
1172 1028 1478 1108 increpat,
1500 1033 1755 1091 revocat
1782 1045 1964 1092 avers

692 1133 998 1196 Scismate
1045 1133 1142 1195 vel
1197 1132 1405 1194 heresi
1452 1133 1738 1195 sublevat
1784 1150 1963 1223 evers

692 1236 931 1299 Solidat
998 1236 1322 1300 instabiles
1389 1236 1635 1298 noviter
1699 1253 1964 1300 convers
2055 1204 2127 1250 ⁰⁵

689 1338 1028 1402 Ambulare
1081 1338 1326 1402 cautius
1371 1337 1521 1402 facit
1579 1337 1833 1401 univers
1880 1385 1894 1400 .

689 1576 908 1654 Neque
946 1574 1176 1654 quibus
1204 1573 1449 1655 proficit
1475 1574 1733 1654 lingua,
1765 1575 1891 1637 vita
1920 1593 1963 1636 n

686 1677 926 1758 Satagit
953 1683 1023 1739 ut
1061 1677 1195 1757 ipse
1226 1676 1357 1738 dux
1385 1694 1608 1739 omnes
1647 1681 1789 1756 post
1830 1694 1899 1738 se
1927 1694 1966 1737 v

685 1782 762 1843 Et
805 1781 871 1840 in
914 1780 1016 1843 via
1073 1779 1334 1843 comites
1391 1785 1453 1842 et
1507 1779 1573 1840 in
1630 1779 1753 1842 vita
1808 1779 1890 1843 1.

2059 1637 2201 1694 ocet

453 1917 674 1978 182.—
693 1914 789 1977 Ad
821 1916 989 1977 hunc
1034 1915 1218 1977 turba
1263 1913 1477 1994 populi
1524 1913 1783 1975 confluit
1819 1919 1881 1976 et
1909 1914 1968 1976 cl

691 2020 970 2099 Quisque
1015 2037 1201 2081 suum
1232 2019 1492 2099 cupiens
1534 2018 1819 2081 ordinem
1847 2018 1966 2082 doc

690 2123 882 2186 Discit
947 2124 1048 2186 hic
1103 2123 1457 2186 communia
1519 2123 1767 2204 singula
1820 2141 1971 2187 cens

449 1474 591 1535 181.
597 1471 802 1534 —Hic
847 1471 1137 1552 exemplo
1182 1471 1435 1546 vivere,
1482 1471 1641 1534 scire
1683 1473 1876 1536 verbo
1920 1473 1964 1534 d
2004 1484 2031 1684 ὲ

691 2226 883 2290 Discit
937 2227 1043 2289 ille
1098 2226 1350 2308 propria
1403 2226 1573 2306 juste
1622 2226 1891 2306 possid.
1948 1933 2150 2304 fl}

696 2476 1025 2540 Continere
1044 2521 1061 2552 ‚
1092 2475 1390 2557 deinceps
1415 2474 1554 2539 fieri
1573 2521 1590 2551 ,
1621 2493 1740 2539 nec
1782 2521 1799 2540 .
1821 2489 1826 2493 ’
1850 2521 1866 2538 .

701 2577 895 2640 Discit
935 2577 1024 2640 uti
1073 2578 1272 2639 laicus
1320 2580 1546 2659 copula
1589 2598 1748 2642 conc
1787 2627 1802 2645 .
1840 2580 1873 2642 ’.

459 2373 593 2434 183.
610 2403 650 2414 -
702 2370 895 2432 Discit
921 2369 1204 2450 quisquis
1233 2368 1470 2431 ordinis
1499 2367 1658 2430 sacri
1708 2368 1880 2449 cupit

1919 2378 1948 2746 ζ
1972 2552 2115 2596 esse

700 2681 994 2762 Conjugis
1045 2688 1107 2744 et
1151 2682 1385 2744 femine
1423 2684 1589 2746 bene
1633 2684 1729 2746 vir
1767 2703 1881 2766 pre

459 2828 682 2889 184.—
699 2827 828 2887 Hec
857 2830 951 2886 est
979 2830 1173 2887 strata
1199 2825 1448 2905 publica
1480 2825 1590 2887 Dei
1619 2826 1878 2889 mandat

697 2932 826 2991 Hec
841 2930 1194 2992 communis
1210 2930 1492 2991 omnium
1501 2930 1600 2991 via
1617 2930 1876 2992 salvand

697 3034 821 3095 Sed
865 3032 1146 3113 predicta
1194 3034 1464 3096 strictior
1514 3041 1610 3096 est
1658 3034 1875 3097 consili

697 3140 931 3201 Semita
978 3140 1358 3202 conveniens
1403 3141 1526 3203 vite
1573 3141 1811 3221 perfect
1853 3186 1869 3202 .

1970 3006 2151 3051 orum

458 3383 503 3434 le
542 3384 616 3432 De
653 3397 799 3446 opere
852 3384 1205 3434 monachorum
1230 3419 1243 3442 ,
1287 3390 1325 3433 t.
1350 3384 1430 3443 VI,
1471 3398 1514 3433 c.
1551 3386 1666 3438 475.
1707 3410 1775 3422 —
1797 3384 1839 3434 A
1885 3383 1933 3433 la
1966 3383 2165 3448 strophe
2203 3385 2323 3443 178,
2362 3383 2409 3433 le

455 3476 600 3540 poe‘te
632 3489 697 3525 ou
731 3475 892 3538 plutdt
917 3476 964 3526 le
992 3475 1176 3541 copiste
1207 3489 1235 3524 a
1267 3475 1392 3526 omis
1425 3476 1472 3525 le
1506 3490 1557 3525 m
1589 3475 1707 3526 final
1747 3476 1836 3526 des
1866 3481 2043 3539 quatre
2078 3483 2205 3527 mots
2241 3476 2328 3539 qui
2359 3475 2407 3526 la

458 3566 722 3618 terminent
747 3584 762 3627 ς
796 3573 922 3618 cette
954 3568 1098 3618 lettre
1116 3604 1132 3626 ,
1173 3569 1202 3617 ὰ
1235 3574 1360 3618 cette
1380 3566 1518 3630 place
1532 3603 1549 3630 ,
1577 3582 1629 3619 se
1654 3567 1942 3633 prononcnit
1972 3570 2003 3619 ὰ
2032 3567 2193 3633 peine,
2220 3581 2409 3618 comme

457 3675 522 3711 on
545 3660 671 3720 sait3
709 3674 836 3713 nous
867 3674 1018 3712 avons
1050 3660 1120 3711 dn
1145 3660 1194 3711 la
1229 3659 1448 3711 retablir.

523 3753 595 3817 (1)
634 3754 700 3803 Μ.
735 3752 954 3817 Leopold
985 3752 1164 3803 Delisle
1193 3766 1224 3803 a
1247 3752 1300 3802 lu
1328 3751 1392 3802 ici
1411 3764 1604 3803 comme
1630 3752 1730 3802 moi
1752 3753 2017 3817 questionis
2030 3773 2048 3809 ,-
2068 3751 2119 3817 je
2146 3752 2411 3807 traduirais

458 3846 589 3896 donc
612 3844 734 3895 ainsi
767 3858 824 3895 ce
850 3858 986 3895 versa
1027 3862 1050 3891 c
1072 3844 1114 3895 11
1137 3848 1303 3897 resout
1316 3850 1478 3895 tontes
1500 3844 1570 3895 les
1596 3844 1847 3907 questions
1881 3846 1970 3907 qui
2007 3844 2250 3898 s’elevent.
2278 3866 2299 3897 n
2382 3862 2386 3873 ·
2424 3858 2431 3864 ·
