3166 4952
1211 425 1530 485 ...71-

398 562 743 623 fla—Est
771 565 833 621 et
862 557 963 618 hio
991 554 1302 619 Ambrosii
1345 553 1532 617 sedes
1572 552 1638 614 in
1669 551 1812 613 subl

634 666 762 729 Viri
826 663 1203 727 venerabilis
1276 661 1668 743 presulisque
1741 678 1816 740 pr
1910 718 1924 732 ,
1999 714 2012 732 ,

629 770 907 833 Moribus
932 816 949 844 ,
1020 769 1271 850 eloquio
1298 815 1314 842 ‚
1390 768 1680 830 sensibus
1734 784 1816 847 op
1855 569 2015 931 gum

633 876 729 939 Ab
752 878 874 955 hoc
902 875 1081 939 fundi
1108 875 1385 937 fluminis
1412 874 1818 955 explorantur

635 1187 1191 1268 Monaehorumfl)
1212 1188 1407 1250 series
1427 1188 1616 1268 stipat
1635 1186 1772 1267 ejus
1791 1186 1808 1247 l

634 1291 710 1353 Et
766 1290 819 1351 si
875 1309 1004 1352 non
1050 1290 1255 1353 officio
1308 1289 1583 1371 pontifex
1630 1307 1747 1351 voe
1793 1334 1808 1349 .

400 1086 621 1145 174.—
634 1083 823 1146 Sedet
868 1089 930 1146 et
974 1083 1331 1146 Jeronimus
1372 1080 1672 1145 cathedra
1715 1080 1813 1142 lev

1853 1095 2047 1419 gatus

636 1394 948 1475 Dignitate
989 1394 1302 1475 particeps
1349 1399 1443 1457 est
1489 1392 1745 1473 pontific
1785 1439 1799 1455 .
1857 1420 1874 1459 ι·

638 1714 758 1777 Uni
813 1732 882 1775 se
930 1730 1053 1793 pre
1098 1712 1323 1775 ceteris
1376 1711 1648 1791 amplius
1700 1708 1894 1791 imp.

637 1820 862 1881 Versat
885 1836 997 1881 vas
1026 1818 1090 1879 in
1122 1816 1292 1879 aliud
1318 1818 1430 1898 (2),
1458 1835 1607 1879 mox
1635 1822 1698 1879 et
1726 1817 1964 1898 appreh

400 1608 532 1669 175.
544 1636 617 1653 —
635 1608 758 1669 Iste
818 1606 962 1668 lieet
1008 1605 1289 1667 animum
1331 1603 1619 1685 pluribus
1673 1604 1819 1667 int.
2017 1623 2024 1639 ³

1876 1642 2037 1989 ξ
2063 1769 2235 1834 endit

642 1923 737 1985 Ad
759 1924 878 1985 hee
900 1930 961 1985 et
979 1923 1384 1984 Eustochium
1413 1922 1800 2002 Paulamque
1824 1939 1970 1984 suco

640 2240 748 2303 Vir
774 2259 903 2303 non
934 2241 1067 2303 solo
1089 2242 1367 2316 nomine,
1399 2241 1511 2303 sed
1541 2247 1604 2304 et
1630 2260 1700 2304 re
1719 2241 1822 2303 div
1899 2302 1913 2317 ‚

645 2347 743 2409 Nil
770 2347 837 2410 in
864 2348 985 2410 hoo
1026 2346 1283 2410 scientie
1308 2394 1323 2420 ‚
1375 2347 1462 2409 nil
1489 2347 1731 2410 virtutis
1759 2366 1823 2409 m

404 2138 533 2199 176.
548 2169 625 2183 —
645 2135 925 2198 Presidet
970 2135 1032 2197 in
1077 2133 1287 2197 medio
1334 2135 1539 2216 pontis
1580 2138 1821 2214 August

1864 2139 2038 2504 ginus

644 2453 1011 2536 Exploratus
1031 2453 1306 2516 fluminis
1327 2471 1547 2516 omnes
1575 2453 1768 2517 habet
1793 2473 1822 2515 s

470 2788 539 2851 (1)
580 2784 716 2836 saint
745 2787 954 2844 Jerome,
982 2787 1045 2836 ne
1071 2799 1180 2837 vers
1214 2784 1313 2836 l'an
1341 2790 1429 2837 33¹
1461 2790 1491 2838 a
1529 2786 1756 2845 Stridon,
1783 2801 1888 2838 ·sur
1911 2786 1981 2839 les
2007 2789 2196 2840 contins
2215 2789 2280 2839 de
2305 2789 2353 2841 la

402 2878 653 2930 Pannonie
683 2885 732 2929 et
748 2875 815 2928 de
844 2877 892 2927 la
923 2878 1193 2938 Dalmatie‚
1234 2878 1309 2928 fut
1331 2877 1546 2943 pendant
1575 2878 1792 2943 quelque
1819 2887 1976 2943 temps
2011 2879 2058 2930 le
2100 2881 2355 2932 sem-etaim

402 2971 471 3022 du
518 2986 644 3036 pape
701 2973 925 3023 Damase.
970 2971 1013 3022 11
1070 2971 1303 3035 expliqua
1344 2972 1718 3036 publiquement
1778 2975 1808 3022 a
1861 2974 2012 3024 Rome
2061 2973 2132 3024 les
2175 2974 2355 3026 saintes

404 3058 681 3123 scritum„
737 3078 803 3113 au
826 3065 1029 3115 nombre
1066 3063 1127 3113 (le
1161 3077 1237 3114 ses
1258 3063 1485 3127 disciples
1514 3078 1580 3114 on
1621 3064 1856 3128 comptait
1895 3065 1981 3115 (les
2014 3065 2182 3116 dames
2217 3073 2355 3118 entre

401 3156 657 3219 lesquelles
682 3156 729 3207 la
757 3157 920 3220 vierge
948 3156 1266 3206 Eustochium
1306 3164 1356 3208 et
1388 3156 1545 3208 sainte
1568 3157 1736 3217 Paule,
1764 3156 1878 3206 chez
1903 3156 2113 3218 laquelle
2151 3157 2184 3208 il
2223 3158 2356 3216 nabi·

401 3249 507 3300 tait.
552 3250 658 3300 Une
680 3249 813 3299 foule
838 3246 1057 3299 d'ordres
1079 3247 1316 3312 religieux
1336 3248 1637 3300 s’etablirent
1659 3263 1788 3299 assez
1819 3247 1930 3298 terd
1950 3261 2014 3298 en
2039 3250 2348 3310 Lombardie‚

401 3357 465 3394 en
499 3345 736 3407 Eamne,
795 3345 825 3393 a
868 3342 991 3400 Pise.
1019 3345 1049 3393 a
1094 3342 1296 3402 Fiesole,
1336 3357 1450 3393 sous
1491 3342 1537 3392 le
1577 3356 1694 3391 nom
1717 3340 2126 3404 d'Hieronymites
2144 3377 2159 3402 ‚
2207 3341 2353 3406 qu’ils

403 3435 589 3500 prin-ent
619 3448 766 3499 pai-oe
807 3448 905 3497 que
935 3434 1067 3485 leurs
1099 3434 1439 3484 constitutions
1459 3433 1642 3485 etaient
1674 3440 1867 3484 surtout
1892 3437 2204 3498 empruntees
2224 3438 2254 3486 ὲ
2282 3450 2358 3486 ses

402 3526 562 3578 ecrits.
607 3528 762 3589 Voyez
807 3526 984 3586 Heliot,
1020 3526 1237 3576 Histoire
1274 3527 1355 3576 des
1396 3526 1592 3576 Ordres
1625 3527 1978 3591 mercastiqncs,
2026 3528 2268 3591 religieux
2307 3539 2354 3579 ee

404 3621 688 3678 militae-es,
717 3627 754 3670 t.
781 3621 853 3671 111
877 3627 925 3672 et
952 3621 1034 3671 lv·

471 3715 541 3777 (2)
580 3715 654 3763 En
685 3725 852 3776 marge
880 3727 893 3762 ε
928 3713 999 3768 De
1030 3713 1357 3763 translatione
1391 3728 1533 3762 sacre
1576 3714 1825 3776 scripture
1865 3728 1954 3775 per
1987 3712 2350 3771 lber-onimium,

405 3804 523 3856 e'est
545 3805 745 3855 l'oeuvre
766 3806 795 3854 a
818 3805 1031 3867 laquelle
1062 3805 1097 3854 il
1120 3806 1339 3856 travaille
1364 3812 1512 3856 avant
1538 3812 1666 3858 tout.
