3166 4952
1244 407 1565 470 ...49-

420 569 522 626 77.
552 597 633 610 —
660 564 769 627 Est
824 568 885 625 et
937 562 1300 627 Aristoteles
1354 564 1535 645 aquis
1591 564 1694 625 hic
1750 563 1846 627 vic
1896 611 1912 626 .
1964 611 1981 628 .

662 670 740 733 Et
790 687 828 730 a
884 686 1071 749 greco
1143 668 1357 733 didicit
1425 668 1638 750 eloqui
1695 669 1784 732 lat
1826 714 1842 733 .
1891 714 1910 733 .
1959 712 1979 732 .

664 776 859 841 Adest
886 782 949 845 et
974 778 1351 859 Ermagoras
1376 776 1490 859 (1),
1514 776 1630 845 sed
1656 782 1894 841 attente
1923 795 1988 840 m

664 882 843 945 Unde
898 882 1067 945 visus
1128 882 1327 945 Tullio
1392 883 1573 965 quasi
1631 900 1860 963 pet-egr
1905 928 1920 945 .
1964 926 1981 944 .

2077 726 2222 787 inus

420 1152 725 1217 Dispositio,
769 1152 999 1205 Elocutio
1017 1186 1031 1207 .
1073 1151 1339 1213 Memoria,
1391 1152 1763 1223 pronunciatio.
1794 1151 1948 1215 Voyu
1982 1150 2256 1202 Martianus
2281 1149 2371 1200 Ca·

421 1243 578 1308 pella,
605 1244 689 1296 lib.
716 1244 773 1305 V,
809 1243 843 1309 ς
864 1247 982 1305 tau,
1004 1250 1057 1294 et
1078 1243 1283 1295 Ciceron
1305 1242 1580 1305 lui-meme,
1615 1241 1690 1293 De
1709 1243 2019 1301 inventione,
2047 1242 2131 1294 lib.
2160 1242 2214 1302 1,
2242 1254 2287 1291 e.
2317 1242 2364 1300 ⁷.

421 1342 475 1387 et
503 1336 580 1387 De
600 1344 828 1398 oratore,
870 1336 957 1389 nb.
983 1338 1035 1396 1,
1082 1350 1126 1389 c.
1155 1340 1236 1389 st.
1267 1336 1540 1396 Quinuuen
1568 1335 1932 1392 ‹Institutione-s
1965 1322 2231 1396 orator-ta,
2280 1332 2364 1384 uh.

419 1430 529 1490 111,
556 1442 603 1482 c.
630 1429 700 1493 8)
733 1442 798 1479 en
833 1429 930 1480 cite
960 1426 1267 1492 davantage3
1297 1428 1542 1489 d’autres,
1573 1412 1776 1480 eomme'
1806 1426 2045 1494 sulpitius
2069 1427 2234 1479 Victor
2267 1425 2372 1492 (Pi-

418 1522 624 1583 thoeus,
666 1521 955 1582 Rhetorica,
982 1534 1034 1585 p.
1061 1523 1158 1574 2l12
1177 1522 1197 1587 )
1215 1554 1233 1581 ,
1278 1519 1394 1571 n'en
1438 1519 1708 1572 admettent
1748 1533 1848 1582 que
1885 1520 2040 1573 trois:
2071 1518 2366 1580 Intellectio,

419 1613 672 1674 Iuventio,
701 1614 990 1677 Dispositio·

490 1705 566 1770 (1)
604 1708 753 1757 Entre
787 1704 858 1757 les
880 1705 1103 1757 rheteurs
1141 1705 1231 1767 qui
1264 1704 1448 1756 tinrent
1468 1705 1555 1756 des
1578 1695 1750 1757 Eeoles
1776 1706 1806 1756 a
1830 1704 1984 1754 Rome
2003 1716 2121 1755 sous
2152 1704 2372 1767 Auguste

424 1805 476 1849 et
513 1812 630 1850 sous
659 1797 861 1858 Tibete,
897 1811 967 1849 on
996 1811 1192 1849 nomme
1218 1812 1288 1847 un
1334 1800 1687 1862 Hermagoras,
1731 1795 1794 1849 de
1832 1798 2069 1856 Tomnos,
2113 1808 2176 1846 en
2203 1786 2365 1853 Eulie,

424 1890 547 1954 qu’il
571 1904 635 1943 ne
661 1890 772 1942 faut
804 1903 893 1957 pas
919 1890 1189 1943 eonfondre
1214 1904 1330 1942 avec
1352 1903 1421 1941 un
1460 1896 1604 1941 autre
1632 1890 1702 1941 du
1741 1890 1901 1941 meme
1931 1903 2050 1940 nom
2071 1888 2224 1951 qu’on
2246 1901 2374 1939 nous

424 1977 590 2032 donne
611 1992 802 2033 comme
826 1994 897 2031 un
917 1978 1005 2031 des
1024 1983 1224 2031 mattres
1245 1979 1307 2032 de
1330 1980 1559 2031 ciceron.
1581 1980 1654 2029 Le
1683 1979 1910 2045 premier,
1938 1977 2026 2042 qui
2049 1983 2122 2028 est
2142 1976 2373 2029 misem-

425 2071 725 2122 blablement
745 2070 794 2122 le
814 2073 971 2133 notre,
998 2071 1182 2123 traitait
1203 2071 1408 2122 ciceron
1430 2071 1708 2136 d’ignorsnt
1729 2076 1779 2122 et
1801 2068 1864 2123 de
1887 2068 2108 2121 mauvais
2138 2068 2368 2121 ecrivain.

425 2164 581 2227 Voyez
611 2165 664 2215 F.
702 2163 876 2215 Schoeu
894 2198 910 2223 ,
950 2163 1169 2213 Histoire
1217 2163 1416 2228 abrlyee
1454 2163 1513 2213 dc
1551 2165 1603 2213 Ia
1625 2163 1911 2213 litterature
1937 2161 2191 2222 romainc,
2227 2166 2264 2211 t.
2291 2158 2370 2217 11,

423 2268 475 2319 p.
501 2260 616 2309 395.
638 2282 702 2293 —
732 2256 862 2307 C’est
887 2256 951 2307 de
976 2262 1054 2306 cet
1077 2256 1401 2318 Hermagoras
1418 2288 1433 2315 ,
1462 2254 1598 2306 selon
1621 2260 1756 2306 toute
1782 2253 2177 2314 vrnisemhlanee,
2212 2250 2374 2316 plutot

426 2362 524 2412 que
544 2347 606 2399 de
636 2362 727 2399 son
750 2349 922 2400 maitre
946 2360 1050 2409 que
1070 2347 1303 2407 Cicer-on,
1356 2347 1481 2399 dans
1519 2360 1611 2399 son
1635 2346 1756 2398 livre
1779 2347 1852 2397 De
1894 2346 2185 2407 inventione,
2215 2344 2300 2396 lib.
2328 2344 2366 2403 1,

423 2452 467 2494 c.
496 2443 543 2502 9,
572 2438 788 2505 rappelle
813 2445 865 2491 et
885 2436 1045 2492 releve
1079 2453 1195 2491 avec
1229 2440 1441 2492 humeur
1462 2453 1560 2491 une
1598 2438 1801 2504 opinion
1836 2438 1960 2502 qu'ii
1983 2439 2124 2494 traite
2145 2437 2375 2489 d’erreur

424 2532 693 2598 9rossidre,
723 2548 819 2584 non
845 2532 1085 2583 mediocre
1110 2541 1379 2596 peccatum.
1406 2532 1678 2593 Quintilien
1699 2532 1747 2583 le
1764 2531 2048 2584 mentionne
2062 2545 2182 2583 avec
2196 2529 2370 2594 eleget

437 2646 457 2672 ι
490 2625 573 2674 Vir
598 2624 822 2685 subtilis,
860 2631 908 2675 et
942 2623 995 2673 in
1022 2624 1246 2689 plurimis
1284 2623 1632 2685 admirandus,
1661 2631 1857 2678 tantum
1877 2623 2140 2689 diligentiae
2163 2624 2374 2674 nimium

426 2716 644 2768 sollicitae
659 2750 676 2778 ,
714 2723 772 2767 ut
814 2717 920 2782 ipsa
957 2715 1065 2779 ejus
1107 2715 1419 2778 reprehensio
1464 2714 1610 2767 laude
1646 2716 1813 2781 aliqua
1850 2730 1951 2768 non
1995 2715 2197 2780 indigna
2236 2717 2318 2768 sit.
2342 2734 2363 2760 υ

425 2809 652 2861 Institut.
680 2818 838 2868 orat..
863 2808 949 2859 lib.
975 2808 1081 2866 111,
1111 2821 1153 2859 c.
1184 2811 1267 2859 11.
1294 2808 1337 2858 11
1362 2808 1486 2859 n'est
1516 2823 1605 2873 pas
1631 2810 1673 2860 si
1698 2809 1814 2860 bien
1844 2809 1988 2862 traite
2020 2810 2142 2861 dans
2173 2809 2218 2860 ie
2249 2810 2376 2860 Dia-

429 2905 567 2967 logus
600 2903 661 2952 de
700 2901 1032 2959 Oratoribus,
1058 2900 1098 2951 si
1126 2901 1401 2967 longtemps
1422 2902 1634 2955 attribue
1661 2904 1691 2952 a
1717 2902 1913 2963 Tacite,
1951 2904 2017 2954 ou
2058 2903 2137 2969 (c.
2169 2901 2270 2966 19)
2301 2916 2376 2953 ses

425 2995 599 3057 livres,
648 2993 776 3045 ainsi
815 3006 913 3056 que
933 3006 1059 3044 ceux
1097 2992 1478 3058 d’Apollodore,
1514 3002 1623 3045 sont
1649 2993 1794 3058 juges
1834 3007 2024 3046 comme
2056 2996 2191 3047 etant
2226 2994 2376 3046 d'une

424 3085 601 3139 aridite
622 3087 873 3138 extreme:
922 3084 1216 3135 aridissimis
1255 3085 1569 3149 [termayorae
1612 3095 1657 3135 et
1692 3085 1984 3149 Apollodori
2020 3087 2178 3138 libris.
2217 3086 2260 3137 11
2303 3091 2376 3137 est

426 3181 522 3231 cite
551 3193 643 3244 par
670 3178 939 3229 Martianus
970 3176 1201 3241 Capella,
1250 3176 1334 3230 lib.
1365 3178 1431 3239 V,
1469 3177 1535 3243 §S
1576 3180 1674 3232 ΔΙιΙι
1718 3184 1769 3229 et
1815 3181 1948 3239 [2533
1988 3192 2082 3242 par
2105 3178 2292 3230 Isidore
2314 3175 2378 3228 de

425 3272 601 3326 Seviue
626 3271 875 3336 (Or-igin„
899 3269 985 3321 lib.
1012 3271 1091 3330 11,
1124 3283 1167 3322 c.
1195 3271 1264 3334 2),
1298 3270 1388 3332 qui
1410 3269 1457 3322 le
1480 3271 1620 3334 place
1641 3272 1671 3322 a
1693 3272 1800 3322 eote
1821 3269 1884 3321 de
1905 3271 2107 3334 Gorgias
2125 3276 2178 3321 et
2191 3270 2382 3322 d'Aris·

425 3369 526 3414 tote
568 3361 729 3426 parmi
771 3360 842 3412 les
876 3360 1160 3412 inventeurs
1199 3359 1262 3410 de
1295 3359 1342 3411 la
1368 3361 1684 3424 rhetorique3
1732 3374 1826 3425 par
1851 3362 1975 3411 Jean
2005 3359 2066 3411 de
2097 3360 2373 3426 Saiisbury,

427 3455 793 3520 polycraticus,
820 3452 904 3504 lib.
936 3453 1050 3514 vll,
1090 3466 1133 3504 c.
1167 3456 1255 3512 12,
1288 3460 1333 3504 et
1362 3451 1488 3503 dans
1527 3468 1598 3504 un
1627 3453 1789 3504 Chant
1825 3467 1912 3504 sur
1946 3453 2178 3517 Aquilee,
2211 3451 2376 3517 publi&

427 3561 518 3614 par
538 3550 607 3599 M.
648 3537 737 3598 Ed.
765 3547 844 3596 Du
868 3543 1011 3596 Meri!
1029 3579 1045 3606 ,
1083 3545 1274 3595 Poesies
1296 3546 1579 3608 populaires
1608 3545 1784 3596 latinos
1808 3546 2111 3596 anterieures
2151 3560 2219 3595 au
2253 3543 2380 3595 X11·

427 3638 583 3701 siecle,
610 3652 661 3702 p.
689 3639 806 3688 261.
831 3637 986 3700 Voyez
1007 3636 1067 3688 G.
1094 3637 1399 3702 Bernhardy,
1429 3637 1677 3688 Gundriss
1698 3638 1789 3688 der
1812 3637 2076 3688 romischen
2097 3638 2382 3699 litteratur,

429 3747 483 3800 p.
508 3736 637 3794 791,
665 3733 760 3784 791
787 3736 839 3781 et
860 3731 987 3790 795,
1012 3735 1061 3779 et
1083 3735 1277 3782 surtout
1299 3729 1348 3780 ln
1372 3729 1725 3794 monogr-apide
1755 3729 1879 3782 dans
1899 3727 2111 3792 laquelle
2133 3728 2319 3785 Piderit
2347 3741 2379 3780 a

430 3825 651 3880 recueilli
668 3858 684 3888 ,
712 3836 774 3876 en
798 3823 929 3874 1839
943 3856 959 3883 ,
988 3827 1099 3874 tout
1119 3835 1176 3874 oe
1197 3821 1349 3887 qu’on
1371 3836 1433 3874 en
1454 3829 1576 3888 peut
1597 3821 1774 3876 saveir.
