3166 4952
1602 457 1922 552 —30-3-

1034 717 1181 790 Quis
1225 717 1290 778 in
1336 735 1591 780 saccum
1636 721 1904 799 prohicit
1946 721 2182 802 aliquid
2222 730 2360 803 pert

1032 825 1180 897 Quis
1214 843 1343 886 non
1384 826 1640 888 tandem
1674 835 1913 891 mereat
1948 829 2113 892 male
2152 847 2219 893 se
2256 830 2361 892 del

793 617 887 676 29.
927 644 1007 659 —
1033 614 1160 675 Nec
1180 609 1536 674 mirandum
1565 619 1777 676 tamen
1799 623 1893 678 est
1914 616 2197 679 ordinem
2218 619 2368 680 conf

2402 624 2429 1016 ζ
2453 797 2638 840 usum

1032 930 1392 995 Studiorum
1436 931 1597 996 trivii
1652 933 1895 995 nullum
1936 935 2157 999 videns
2201 979 2217 997 .
2264 981 2279 998 .
2330 982 2347 998 .

1032 1253 1108 1312 Et
1162 1251 1271 1330 qui
1326 1252 1726 1333 singulariter
1780 1256 2044 1334 gratiam
2086 1259 2247 1320 haus
2288 1302 2304 1320 .
2361 1303 2376 1321 .
2426 1305 2441 1320 .

1034 1356 1220 1436 Cujus
1273 1363 1482 1436 partes
1537 1359 1675 1420 aliis
1729 1378 1981 1440 quoque
2042 1365 2255 1426 oontul
2296 1413 2310 1429 .
2362 1411 2377 1428 .
2435 1409 2450 1425 .

791 1146 890 1207 30.
931 1179 990 1192 -
1033 1146 1357 1208 President
1407 1148 1489 1226 (1)
1542 1148 1639 1210 his
1683 1149 1871 1212 etiam
1930 1151 2037 1230 qui
2096 1153 2218 1215 hoo
2268 1171 2452 1214 meru

2495 1151 2519 1543 ξ
2551 1325 2738 1374 erunt

1029 1458 1231 1522 Niohil
1261 1461 1428 1522 enim
1456 1463 1782 1541 possident
1805 1465 1888 1544 (2)
1922 1465 2091 1545 quod
2112 1484 2243 1527 non
2262 1483 2453 1544 accep

1031 1783 1329 1857 VetereS,
1389 1784 1690 1845 memorie
1745 1784 1858 1847 viri
1920 1786 2145 1865 sempit
2185 1831 2201 1848 .

1034 1887 1270 1958 Quibus
1298 1887 1726 1950 multitudines
1754 1890 2036 1953 assident
2062 1891 2211 1952 mod

791 1679 884 1738 31.
927 1711 1002 1722 -
1035 1676 1265 1740 Sedent
1306 1678 1684 1740 eminentius
1730 1680 1893 1743 inter
1926 1682 2041 1743 hos
2070 1682 2213 1761 pino

2256 1682 2279 2073 ξ
2305 1861 2455 1904 erne

1035 1991 1276 2051 Haustu
1307 2008 1558 2071 quoque
1606 1993 1801 2072 gratie
1851 1995 2042 2056 saturi
2091 2013 2209 2075 sup

1030 2307 1120 2368 Ne
1167 2308 1510 2386 prophanis
1551 2311 1824 2389 pretium
1872 2311 2123 2373 sordeat
2179 2330 2213 2373 e
2262 2359 2275 2372 .
2330 2357 2344 2372 .

1029 2411 1246 2489 Dignis
1285 2431 1433 2475 vero
1481 2415 1761 2476 tribuunt
1803 2416 2100 2496 poculum
2142 2434 2270 2476 non
2318 2435 2351 2476 r

790 2201 888 2261 32.
965 2236 988 2246 ψ
1029 2200 1338 2263 Claudunt
1358 2203 1449 2263 hii·
1465 2203 1549 2284 (3)
1573 2203 1673 2266 vel
1691 2214 1976 2269 reserant
1996 2206 2198 2268 aditus
2223 2226 2345 2286 aqu

2391 2210 2415 2599 ξ
2438 2384 2619 2427 arum

1029 2516 1462 2580 Possessorem
1492 2519 1732 2598 respuit
1758 2538 1984 2582 census
2014 2520 2116 2581 hic
2152 2521 2237 2599 (4)
2270 2538 2346 2581 av

856 2858 926 2921 (1)
962 2856 1214 2908 Presidere
1239 2864 1312 2907 est
1341 2857 1388 2907 le
1418 2865 1569 2909 terme
1595 2863 1824 2910 consaore
1854 2873 1981 2923 pour
2004 2859 2229 2923 designer
2263 2860 2310 2909 le
2342 2860 2512 2910 maitre
2542 2858 2631 2921 qui
2654 2866 2729 2909 est

785 2951 814 2998 a
841 2949 890 2999 la
915 2951 1012 2999 tete
1041 2948 1103 2999 de
1128 2941 1324 3000 l'Ecole.
1356 2951 1510 3013 Voyez
1543 2958 1735 3003 stances
1758 2955 1846 3011 33,
1889 2956 1975 3013 36,
2024 2956 2111 3012 75,
2157 2955 2278 3011 143,
2320 2956 2432 3001 176.
2475 2968 2499 2998 ι
2529 2951 2728 3015 Peripa-

781 3039 984 3089 teticum
1018 3039 1295 3089 Palatinum
1339 3039 1625 3102 (Abelard),
1670 3042 1756 3103 qui
1796 3048 1913 3091 tunc
1954 3041 2005 3091 in
2046 3050 2212 3092 monte
2250 3044 2437 3093 Sanctoe
2477 3042 2727 3093 Genovefie

782 3129 1085 3193 praesidebat.
1121 3148 1144 3177 n
1174 3132 1295 3182 Jean
1319 3130 1380 3181 de
1403 3132 1679 3196 Salisbury‚
1713 3132 2060 3197 Metaloqicus,
2088 3133 2172 3183 lib.
2199 3134 2268 3193 11,
2306 3149 2349 3183 c.
2378 3136 2457 3184 10.

850 3224 918 3289 (2)
964 3242 988 3272 ι
1018 3225 1148 3284 Quid
1169 3226 1318 3276 habes
1340 3226 1474 3287 quod
1503 3240 1603 3276 non
1629 3227 1899 3293 accepisti?
1932 3249 1950 3273 a
1988 3226 2125 3277 Saint
2149 3227 2285 3287 Paul,
2315 3231 2390 3277 1¹³·
2418 3242 2524 3277 aux
2550 3224 2728 3278 Corin-

783 3316 972 3376 thiam,
997 3329 1040 3367 c.
1073 3331 1137 3376 ιν,
1169 3332 1216 3366 v.
1254 3320 1301 3367 7.

848 3409 918 3474 (3)
954 3408 1042 3458 Hit·
1073 3408 1200 3459 n'est
1232 3408 1322 3469 ici,
1369 3423 1558 3459 comme
1592 3418 1788 3474 partout
1814 3411 1937 3461 dans
1964 3418 2103 3461 notre
2143 3413 2341 3475 poeme‚
2372 3411 2528 3475 qu'un
2552 3426 2723 3464 mono·

780 3501 982 3565 syllabe.

845 3595 918 3659 (Δ)
957 3593 1136 3644 Census
1160 3594 1272 3658 hic-‚·
1295 3601 1422 3645 cette
1452 3596 1621 3659 espeoe
1643 3593 1704 3644 de
1734 3595 1850 3644 bien
1873 3610 1933 3645 ne
1958 3602 2209 3659 comporta
2245 3608 2331 3658 pas
2353 3610 2421 3645 un
2445 3609 2723 3660 possesseur

780 3701 954 3746 avare3
979 3700 1044 3736 on
1070 3700 1133 3735 ne
1153 3686 1452 3751 s'appauvrit
1478 3701 1566 3750 pas
1594 3701 1657 3736 en
1688 3687 1735 3737 le
1767 3687 2081 3751 prodiguant.
2119 3704 2141 3733 «ι
2174 3687 2359 3737 Nobilis
2386 3688 2622 3751 possessio
2644 3702 2725 3739 sa-

775 3778 956 3842 pientia
973 3814 989 3839 ,
1015 3778 1130 3843 quia
1153 3778 1410 3830 distributa
1434 3778 1637 3843 suscipit
1658 3778 2012 3829 incrementum
2034 3786 2085 3829 et
2106 3793 2308 3829 avarum
2326 3778 2589 3844 dedignata
2610 3795 2724 3844 pos-

775 3884 1035 3933 sessorem,
1062 3870 1157 3922 nisi
1185 3871 1485 3935 publicetur,
1518 3871 1728 3923 elabitur
1763 3892 1808 3924 ν.
1847 3870 2225 3934 Mic-rocosmus,
2255 3872 2295 3921 1⁵⁰
2328 3876 2413 3933 26,
2448 3882 2522 3924 v0.
