3166 4952
1549 433 1870 494 ..33-

980 699 1055 758 Et
1094 696 1158 758 in
1189 697 1378 777 plano
1421 696 1731 757 stantibus
1770 695 1969 756 facilis
1996 713 2165 776 ‚perp

980 803 1156 864 Unus
1197 801 1603 876 natur-alitem
1657 802 1769 862 sed
1805 803 1889 879 (l)
1921 799 2160 882 digredi

737 595 840 654 53.
871 625 954 639 —
981 593 1089 654 Est
1150 592 1362 653 orizon
1433 592 1623 654 etiam
1688 591 1992 652 terminus
2046 590 2164 651 ‘vid

2204 601 2397 967 gendi

976 907 1241 969 Ratione
1296 907 1404 969 tibi
1459 913 1606 969 sunt
1656 905 1872 988 plures
1906 907 1992 987 (2)
2026 906 2145 969 faci

809 1186 880 1249 (1)
913 1186 1236 1249 Digrediendi
1261 1199 1313 1235 se
1334 1183 1600 1248 compi-end
1623 1185 1753 1243 malg
1783 1184 1831 1234 le
1856 1197 1967 1234 sens
1991 1198 2054 1233 en
2079 1183 2226 1234 serait
2255 1183 2529 1244 tres-cluit,
2559 1185 2598 1234 si
2622 1198 2687 1236 on

739 1276 868 1328 lisait
890 1275 1203 1338 dim-odienti.
1230 1275 1467 1325 serait-ee
1490 1288 1589 1337 que
1614 1274 1661 1324 le
1683 1277 1825 1338 poete
1845 1275 2010 1324 aut-ait
2033 1274 2129 1333 ici,
2157 1276 2348 1338 trompe
2371 1288 2462 1338 par
2488 1287 2543 1323 sa
2580 1288 2689 1338 pro·

739 1369 1019 1420 nonciation
1058 1367 1404 1429 germanique,
1445 1367 1649 1429 regat-de
1689 1380 1881 1416 comme
1923 1362 2255 1428 equiva'tentes
2297 1379 2378 1416 ces
2415 1365 2545 1415 deux
2580 1379 2688 1415 ma-

741 1459 898 1510 niet-es
917 1455 1338 1520 d'orthographier
1356 1455 1404 1506 le
1426 1458 1586 1505 meme
1609 1462 1713 1506 mot
1732 1458 1755 1504 Ξ)
1780 1455 1897 1505 Plus
1924 1455 2026 1504 loin
2051 1457 2233 1519 (stance
2259 1457 2372 1514 uno,
2408 1469 2516 1505 vers
2538 1457 2623 1514 3),
2650 1454 2685 1504 il

739 1547 896 1598 ecrit-a
925 1548 1068 1596 velud
1089 1560 1216 1609 pour
1240 1547 1369 1595 velut
1400 1552 1450 1596 et
1481 1549 1663 1606 (stance
1695 1548 1791 1599 146
1808 1579 1823 1604 ,
1862 1558 1972 1595 vers
2000 1550 2055 1606 l)
2085 1545 2237 1594 Davit
2265 1559 2393 1609 pour
2414 1546 2592 1594 David.
2620 1570 2686 1582 —

738 1638 820 1689 On
859 1637 914 1687 lit
947 1636 1258 1700 derelinquid
1289 1650 1417 1701 pour
1458 1635 1755 1699 derelinquit
1800 1634 1921 1684 dans
1954 1648 2055 1685 une
2092 1634 2179 1684 des
2215 1633 2477 1695 rubriques
2513 1631 2688 1682 latines

740 1727 809 1780 du
838 1730 1078 1779 Bestiaire
1099 1727 1162 1778 de
1185 1728 1406 1791 philippe
1424 1728 1487 1778 de
1513 1728 1717 1785 Thaun,
1746 1727 1861 1777 edit.
1890 1727 1980 1776 Th.
2006 1726 2227 1790 Wright,
2252 1726 2376 1776 dans
2398 1725 2443 1775 le
2465 1725 2689 1786 Populat-

745 1823 970 1871 treatises
993 1837 1054 1869 on
1079 1821 1291 1878 science,
1330 1835 1379 1883 p.
1410 1823 1522 1869 112.

811 1915 884 1979 (2)
931 1936 951 1959 ι
985 1915 1194 1964 Βονίιοιι
1240 1921 1314 1964 oet
1351 1913 1483 1963 velut
1519 1912 1737 1974 quodam
1781 1913 1914 1962 circo
1960 1912 2241 1974 designatus
2273 1911 2511 1962 terminus
2550 1910 2683 1970 coeli,

741 2007 877 2070 quod
921 2021 1070 2070 super
1106 2013 1286 2055 terram
1322 2006 1517 2055 videtur
1550 2010 1602 2054 et
1639 2004 1755 2066 quia
1794 2004 1857 2053 ad
1892 2004 2051 2067 ipsum
2092 2018 2203 2054 vere
2227 2005 2373 2055 finem
2401 2018 2502 2054 non
2532 2009 2691 2068 potest

740 2098 954 2148 humana
983 2097 1110 2148 acies
1137 2098 1418 2160 pervenire,
1447 2105 1693 2158 quantum
1716 2095 1929 2158 quisque
1949 2096 2119 2145 oculos
2147 2096 2537 2146 circumferendo
2569 2110 2691 2146 con-

739 2187 976 2251 spexerit,
1004 2188 1259 2250 proprium
1299 2188 1386 2236 sibi
1411 2188 1549 2244 coeli,
1580 2187 1716 2248 quod
1746 2199 1894 2248 super
1914 2193 2093 2235 terram
2120 2193 2221 2246 est,
2258 2186 2523 2237 terminum
2555 2186 2684 2236 tacit.

742 2279 868 2328 Hinc
902 2278 1100 2328 horizon
1120 2314 1134 2336 ,
1180 2293 1329 2341 quem
1358 2280 1448 2329 sabi
1482 2277 1873 2342 uniuscujusque
1898 2279 2254 2328 cimumscr²bit
2282 2287 2527 2343 aspectus,
2561 2280 2688 2329 ultra

739 2377 982 2421 trecentos
1019 2378 1069 2422 et
1113 2372 1360 2434 sexaginta
1412 2370 1595 2421 stadios
1645 2370 1999 2434 longitudinem
2042 2371 2168 2420 iutra
2209 2386 2262 2421 se
2299 2372 2549 2422 continere
2589 2385 2689 2421 non

740 2465 953 2530 poterit3
991 2472 1188 2515 eentum
1225 2465 1356 2515 enim
1389 2473 1439 2515 et
1463 2464 1713 2527 octoginta
1746 2465 1926 2515 stadios
1950 2480 2047 2514 non
2071 2465 2257 2515 excedit
2278 2463 2406 2515 acies
2427 2471 2595 2514 contra
2620 2465 2692 2515 vi-

741 2556 919 2605 dentiS.
1082 2557 1384 2619 Semperque
1420 2562 1665 2617 quantum
1699 2570 1756 2606 ex
1795 2555 1941 2618 hujus
1962 2556 2103 2619 spatii
2144 2559 2278 2617 (360
2328 2558 2511 2617 stades)
2551 2565 2689 2621 parte

741 2655 933 2713 postera
971 2647 1280 2710 procedendo
1319 2646 1589 2705 dimiseris,
1633 2654 1828 2698 tantum
1871 2650 1955 2698 tibi
1993 2648 2055 2698 de
2086 2649 2327 2700 anteriore
2361 2658 2613 2710 sumetur,
2642 2658 2689 2702 et

739 2739 851 2789 ideo
876 2740 1074 2789 horizon
1113 2753 1305 2803 semper
1337 2748 1739 2803 quantacumque
1774 2742 1995 2792 locorum
2035 2743 2415 2805 tranegressione
2451 2751 2684 2795 mutatur.

741 2834 885 2883 Hunc
919 2839 1115 2892 autem,
1156 2846 1303 2895 quem
1346 2833 1559 2883 diximus
1630 2833 1690 2883 de
1727 2838 1823 2883 360
1850 2836 2069 2895 stadum,
2097 2836 2306 2885 admittit
2330 2844 2577 2899 aspectum
2604 2846 2691 2889 aut

738 2924 792 2973 in
835 2927 975 2975 tert-Is
1011 2939 1151 2985 :equa
1196 2924 1423 2988 planities
1463 2933 1550 2975 aut
1590 2926 1748 2988 petagi
1792 2926 2053 2988 tranquilla
2092 2927 2320 2984 libertas,
2363 2941 2461 2990 qua
2504 2930 2691 2979 nullam

739 3018 897 3067 oculis
920 3016 1087 3080 objicit
1109 3018 1423 3068 offensam...
1465 3042 1482 3063 ·
1525 3019 1785 3076 Muci-obe,
1818 3019 1875 3067 In
1903 3020 2068 3068 Sumn.
2098 3019 2251 3082 Scip..
2280 3020 2361 3070 lib.
2391 3023 2443 3077 1.
2470 3036 2509 3069 c.
2542 3026 2689 3071 45.-

750 3130 770 3155 .
803 3110 1058 3159 L'hot·izou
1081 3118 1155 3160 est
1187 3126 1255 3159 un
1277 3111 1434 3159 cercle
1457 3112 1541 3171 qui
1567 3114 1738 3174 separe
1766 3111 1812 3160 la
1847 3113 2001 3175 partie
2022 3112 2091 3162 du
2116 3114 2203 3162 ciel
2228 3128 2327 3175 que
2358 3128 2482 3163 nous
2510 3130 2693 3177 voyons

739 3201 802 3252 de
826 3203 949 3253 celle
987 3216 1086 3263 que
1114 3217 1239 3252 nous
1272 3218 1333 3253 ue
1359 3218 1544 3266 voyons
1576 3218 1679 3268 pas.
1712 3239 1725 3253 .
1746 3238 1794 3253 ..
1824 3205 1866 3253 11
1901 3212 1975 3254 est
2005 3206 2222 3255 double:
2253 3206 2355 3255 l'un
2392 3208 2556 3257 tombe
2578 3222 2693 3257 sous

738 3294 808 3344 les
828 3308 966 3351 sens,
998 3294 1174 3344 l'autre
1211 3294 1333 3345 u'est
1357 3309 1506 3358 peren
1544 3310 1644 3359 que
1669 3310 1757 3359 par
1789 3296 1832 3345 la
1862 3298 2041 3347 raison.
2080 3297 2331 3347 L’horizon
2369 3300 2577 3349 sensible
2609 3275 2690 3351 n'n

738 3408 827 3457 pas
865 3410 930 3443 un
976 3396 1213 3445 diametre
1257 3396 1319 3446 de
1378 3396 1487 3459 plus
1532 3396 1595 3445 de
1644 3396 1769 3446 deux
1814 3398 1947 3447 mille
1989 3398 2181 3447 stades:
2220 3388 2279 3449 οὐ
2326 3390 2548 3467 μείζονα
2590 3392 2691 3469 τὴν

739 3492 1032 3574 διάμετρον
1076 3492 1226 3575 ἔχειν
1273 3494 1507 3555 σταδίων
1555 3494 1882 3575 δισχιλίωνς
1920 3504 2154 3555 Ιίιοτὶιοιι
2198 3505 2435 3554 ratiounel
2474 3506 2626 3556 divise
2647 3507 2694 3557 le

739 3609 918 3656 monde
939 3609 1096 3658 entier
1118 3623 1176 3658 eu
1201 3609 1331 3660 deux
1360 3612 1542 3673 purnes
1575 3611 1752 3672 egoles.
1770 3645 1783 3659 .
1803 3645 1818 3660 .
1837 3645 1852 3661 .
1880 3630 1901 3657 ι
1942 3612 2171 3669 Proetus,
2198 3604 2413 3684 Σφαῖρα
2436 3650 2453 3682 ,
2489 3612 2521 3677 ς
2545 3616 2695 3663 11.-

741 3701 815 3753 Cf.
854 3703 1107 3764 Manilius,
1145 3705 1519 3764 astronomica,
1543 3706 1634 3757 lib.
1668 3708 1724 3765 1,
1756 3722 1861 3758 vers
1893 3711 2171 3762 627—62'22.
