3166 4952
1140 417 1467 481 ..63-

608 686 678 747 In
728 684 892 746 hanc
933 683 1104 745 enim
1138 687 1423 747 veterum
1461 682 1734 763 populus
1781 700 1886 744 sec

618 788 773 849 Pars
828 787 1093 850 adversa
1144 788 1379 870 populo
1425 785 1660 866 juniori
1718 804 1752 849 c
1789 829 1807 849 .
1859 832 1874 847 .

371 583 589 644 135.-
613 581 804 661 Ripas
845 579 1035 661 hujus
1077 579 1351 642 fluminis
1393 596 1558 659 equa
1601 595 1737 639 sors
1778 577 1886 659 dig

1925 616 1950 935 ξ
1975 747 2124 803 ossii.

606 890 977 970 Mediusque
1004 890 1281 955 fluminis
1312 908 1535 955 cursus
1561 892 1651 973 (1)
1685 890 1884 953 interc

372 1025 726 1098 itia—Qui
758 1043 924 1101 cum,
958 1025 1117 1088 sicut
1145 1024 1434 1101 diximus,
1467 1025 1548 1088 sit
1569 1025 1654 1106 (2)
1676 1024 2038 1106 quadripert

610 1129 870 1192 Veteres
925 1129 1206 1209 hystoria
1254 1128 1395 1209 plus
1451 1129 1746 1191 informat
1803 1147 1836 1189 r
1881 1176 1896 1191 .
1943 1176 1958 1193 .
2010 1175 2025 1192 .

606 1234 682 1296 Et
728 1230 809 1294 ob
857 1232 978 1294 hoc
1026 1231 1110 1293 ad
1152 1231 1419 1294 alterum
1465 1232 1668 1312 magis
1710 1231 1910 1313 vergit
1951 1230 1972 1293 l
2012 1279 2025 1295 .

608 1337 801 1400 Nobis
859 1341 955 1398 est
1014 1335 1274 1397 vicinior
1329 1335 1554 1398 modus
1617 1336 1839 1416 tripert
1879 1381 1895 1400 .
1948 1382 1962 1399 .
2011 1382 2028 1399 .

2126 1187 2250 1248 itus

609 1577 749 1640 Una
804 1573 1066 1655 lingua,
1128 1575 1396 1655 populus
1450 1592 1618 1636 unus
1673 1580 1768 1637 est
1829 1579 1892 1637 et
1983 1630 1995 1643 .

613 1678 732 1743 Uni
788 1678 922 1758 regi
979 1678 1246 1741 militant
1310 1696 1425 1759 per
1478 1678 1748 1741 eandem
1802 1679 1832 1741 f
1865 1722 1880 1741 .

374 1469 775 1533 137.-Hinc
830 1475 893 1532 et
946 1469 1096 1531 inde
1143 1469 1361 1533 civitas
1408 1487 1537 1531 una
1592 1468 1752 1531 solet
1803 1486 1885 1550 qu

1929 1474 2146 1792 gidem

618 1783 740 1845 Sed
772 1782 1035 1845 diversis
1080 1780 1303 1845 ritibus
1333 1780 1635 1844 dissident
1655 1782 1788 1862 jam
1819 1800 1892 1861 pr

612 2020 827 2095 Ritus,
872 2019 1305 2101 Scenophegie
1334 2022 1445 2100 (3),
1489 2021 1793 2083 Neomeni

564 2126 574 2134 ’
615 2124 889 2205 Templis
906 2124 1409 2187 occumbentium
1430 2124 1618 2186 cedcs
1631 2125 1792 2187 hosti
1885 2099 1920 2141 a

379 1914 775 1979 138.—Hinc
832 1912 1075 1976 videres
1123 1916 1367 1975 veteres
1423 1913 1725 1976 cerimoni
1769 1959 1783 1977 .

1834 1950 1860 2268 ξ
1927 2098 2068 2142 rum

614 2229 931 2309 Sanguine
988 2229 1341 2310 crepidines
1390 2228 1675 2292 sordidas
1721 2248 1794 2291 ar

614 2466 799 2531 Olent
873 2466 935 2529 in
1005 2465 1303 2529 altaribus
1357 2465 1598 2530 viscera
1653 2485 1803 2550 capr
1888 2525 1901 2540 ,

616 2570 693 2631 Et
721 2568 872 2631 dum
893 2568 1143 2648 pinguis
1162 2567 1411 2649 ignibus
1430 2567 1673 2648 liquefit
1690 2588 1799 2632 arv
1886 2544 1948 2586 ¹¹¹

379 2361 891 2426 139.-Strident
937 2362 1001 2424 in
1030 2361 1342 2426 craticulis
1388 2362 1567 2425 bovis
1614 2362 1801 2427 intest

1843 2380 1870 2698 ζ
1952 2544 1990 2586 a

617 2676 812 2738 Nidor
865 2675 1085 2755 implet
1137 2692 1285 2737 area
1341 2675 1514 2738 velut
1556 2676 1622 2737 in
1677 2694 1802 2757 pop

445 2872 515 2937 (1)
549 2876 624 2925 En
648 2886 849 2937 merge:
875 2873 1069 2926 Divinos
1096 2885 1194 2924 esse
1217 2872 1348 2922 ritus
1385 2871 1561 2922 veteris
1587 2881 1632 2921 et
1664 2873 1775 2922 novi
1795 2874 2087 2936 testamenti,
2120 2876 2203 2924 sed
2224 2891 2322 2925 non

380 2964 628 3016 adversos·

444 3059 510 3123 (2)
547 3060 621 3108 En
645 3072 842 3122 mat-ge:
878 3055 1002 3108 Now
1033 3058 1293 3108 historiam
1312 3058 1377 3108 ad
1402 3066 1533 3107 vetus
1561 3065 1916 3117 testamentum,
1944 3060 2191 3124 reliqionis
2225 3070 2324 3112 tres

380 3150 544 3200 modos
577 3153 642 3198 ad
668 3164 844 3199 novum
880 3150 1034 3214 maqis
1054 3149 1302 3213 pertinere
1328 3158 1683 3202 testamentum.
1708 3150 1827 3213 Voy.
1854 3149 1968 3214 plus
1988 3151 2109 3203 haut
2129 3155 2326 3218 strophe

382 3246 493 3306 120,
536 3250 651 3295 note
682 3246 730 3294 2.

449 3338 519 3404 (8)
555 3339 875 3406 scenopegia,
907 3341 1071 3394 iorum
1089 3380 1107 3404 ,
1139 3343 1201 3394 de
1241 3335 1644 3416 σκηνοπηγέω,
1675 3343 1865 3395 ‹li-esser
1900 3344 1987 3396 des
2032 3351 2208 3408 tentes,
2236 3346 2329 3400 tete

380 3439 465 3491 des
487 3439 791 3491 tabernacles
826 3440 941 3492 chez
966 3440 1037 3492 1oe
1078 3442 1320 3496 Hebreux.
1329 3443 1484 3506 Voyez
1532 3443 1580 3493 le
1610 3444 1988 3507 Denter-onom,
2032 3446 2110 3498 ch.
2150 3461 2248 3509 xvx,
2281 3454 2332 3499 et

381 3531 607 3592 l’Exode,
639 3533 719 3583 ch.
744 3547 833 3584 xxv
862 3540 910 3585 et
935 3534 1057 3586 suiv.
1085 3559 1141 3572 -
1161 3536 1295 3585 Pour
1333 3534 1404 3585 les
1445 3534 1724 3588 Neomenias
1743 3573 1760 3596 ,
1804 3539 2014 3602 premier
2035 3537 2154 3603 jour
2188 3538 2252 3590 de
2283 3539 2330 3590 la

382 3623 499 3675 lune
532 3639 598 3676 ou
637 3625 706 3676 du
732 3625 873 3686 mois,
916 3640 1058 3690 voyez
1108 3626 1155 3677 le
1188 3626 1456 3693 Levitique,
1490 3628 1571 3680 ch.
1601 3644 1751 3691 xxm,
1779 3644 1900 3682 vers.
1929 3632 1977 3692 7,
2007 3634 2086 3692 24,
2115 3635 2196 3694 35,
2235 3635 2328 3693 ⁶0,

380 3724 452 3776 les
468 3724 723 3788 Nombres,
762 3725 841 3778 ch.
868 3740 1055 3789 xxvm,
1092 3740 1217 3780 vers.
1263 3732 1343 3789 11,
1378 3734 1492 3790 etc..
1527 3734 1621 3782 etc.
1649 3728 1746 3791 Cf„
1767 3743 1894 3794 pour
1937 3729 2007 3782 les
2049 3723 2296 3803 Νουμηνί
2296 3744 2333 3783 α

383 3828 471 3882 des
513 3829 980 3894 Grecs,Meu1-sius,
1028 3831 1225 3884 Groecia
1253 3829 1461 3896 feriata,
1500 3830 1585 3885 lib.
1611 3832 1666 3884 V.
