3166 4952
1612 415 1739 442 ι---
1777 389 1862 456 so
1901 425 1974 440 -

1072 661 1392 723 Doctiores
1433 660 1520 721 illi
1577 666 1725 722 sunt
1750 706 1767 736 ,
1824 659 1924 722 isti
1979 660 2252 741 prompti
2354 673 2359 678 ·

1071 765 1302 827 Omnes
1355 763 1470 826 viri
1528 764 1769 827 strenui
1823 763 1936 825 viri
1993 763 2185 826 bellat
2224 809 2240 826 .

833 555 928 616 78.
969 584 1039 598 -
1077 543 1310 616 As‘sunt
1338 554 1515 616 multi
1536 553 1855 628 rhetores;
1880 559 2098 616 assunt
2117 549 2255 616 crat

2294 595 2483 939 }ores

1067 866 1424 930 circumcisi
1489 865 1712 942 labiis,
1770 871 1983 929 mente
2048 865 2179 928 seni
2222 911 2238 930 .

1067 1134 1200 1205 Que
1223 1133 1358 1214 jam
1381 1131 1914 1214 predistinximuS,
1937 1133 2064 1195 duo
2087 1133 2291 1196 fundit
2310 1152 2393 1214 qu

1065 1241 1324 1302 Sursum
1344 1239 1542 1302 tendit
1561 1240 1827 1302 alterum
1844 1240 1953 1319 (1),
1970 1238 2136 1319 quod
2158 1239 2392 1302 theoric

828 1030 922 1090 79.
964 1061 1040 1074 -·
1075 1029 1152 1088 At
1192 1027 1540 1089 secundum
1582 1027 1910 1089 brachium
1942 1026 2139 1088 duum
2179 1026 2394 1089 brachi

2436 1057 2661 1399 }0rum

1063 1346 1344 1408 Alterum
1397 1346 1741 1422 decliviuS‚
1792 1343 1961 1424 quod
2021 1350 2115 1406 est
2158 1345 2391 1424 practic

1045 1611 1249 1692 ‘Cujus
1303 1629 1467 1691 aque
1521 1609 1757 1670 munde
1824 1613 2008 1684 sunt,
2070 1609 2485 1672 semitesecr

1059 1717 1168 1776 His
1189 1715 1480 1778 insistunt
1499 1715 1727 1794 quibus
1748 1720 1894 1776 sunt
1914 1733 2013 1776 res
2037 1714 2356 1776 mundane
2378 1733 2484 1796 spr

821 1511 920 1572 80.
954 1538 1033 1553 —
1065 1506 1244 1579 Quod
1300 1506 1364 1567 in
1424 1507 1617 1568 altum
1676 1505 1891 1567 nititur
1956 1504 2187 1567 labitur
2242 1505 2348 1585 qui
2389 1551 2402 1566 .
2456 1549 2471 1568 .

2529 1535 2672 1876 ΞΝ

1060 1819 1296 1892 Quibus
1352 1819 1470 1882 celi
1518 1820 1729 1898 sepius
1786 1817 2174 1880 exceduntur
2220 1837 2282 1878 m
2322 1864 2337 1880 .
2389 1865 2402 1879 .
2458 1864 2471 1881 .

787 1971 906 2046 81.
953 2018 1026 2029 —
1055 1985 1341 2064 Namque
1371 1988 1558 2063 caput
1592 1981 1776 2044 altius
1820 1981 1942 2043 fert
1985 1981 2241 2060 theolog

969 2164 978 2170 ,
1056 2092 1130 2153 Et
1176 2090 1257 2151 ad
1304 2093 1504 2152 Deum
1555 2087 1841 2170 pervenit
1888 2088 2148 2150 celsiore
2201 2108 2238 2149 v
2280 2029 2388 2372 }ia

983 2273 988 2277 ι
1059 2194 1175 2255 Per
1192 2193 1354 2254 hanc
1390 2193 1501 2254 soli
1525 2191 1758 2254 celibes
1781 2191 2123 2268 enituntur,
2152 2209 2234 2271 qu

1051 2296 1216 2358 Rara
1264 2295 1568 2375 sapientia
1621 2313 1895 2374 veraque
1946 2297 2103 2376 soph
2152 2342 2165 2357 .
2212 2341 2226 2356 .

1050 2562 1182 2634 Que
1243 2561 1521 2624 discendi
1580 2562 1743 2624 serie
1814 2581 1995 2625 secus
2051 2562 2229 2624 ordin

1045 2670 1206 2731 Nam
1215 2668 1585 2731 discendum
1604 2674 1845 2731 ceteras
1860 2687 1973 2749 pro
1990 2669 2231 2748 capacit

809 2461 900 2522 82.
943 2457 1171 2520 —Ista
1224 2455 1481 2536 quidem
1529 2456 1753 2519 ceteris
1808 2457 1979 2537 prior
2034 2455 2233 2537 dignit

2272 2497 2421 2838 }ate

1044 2775 1175 2836 Hec
1203 2772 1495 2853 perfectis
1524 2774 1818 2836 convenit
1846 2774 1910 2834 in
1940 2773 2228 2836 extremit

1042 3039 1437 3101 Penetrando
1474 3038 1775 3118 quidquid
1824 3045 1919 3101 est
1956 3039 2253 3101 deorsum
2293 3040 2393 3102 vel
2436 3059 2465 3101 s

1042 3142 1220 3205 Nunc
1249 3142 1365 3203 sub
1393 3148 1594 3204 terras
1614 3143 1939 3223 mergitur,
1959 3161 2127 3205 nunc
2152 3143 2417 3224 emergit
2435 3163 2468 3204 r

802 2939 893 2999 83.
932 2971 1012 2983 —
1037 2911 1371 3017 Reliquum
1415 2936 1500 3017 (2)
1540 2936 1817 3009 theorice
1855 2936 1975 2999 fert
2021 2954 2133 3017 per
2173 2936 2389 2998 orbem
2434 2955 2467 2998 c

2514 2957 2777 3297 }ursum

1043 3245 1425 3307 Phisicorum
1490 3245 1712 3308 studiis
1783 3246 1868 3307 nil
1928 3252 2022 3308 est
2091 3246 2332 3326 impero
2370 3292 2386 3308 .
2444 3292 2459 3307 .

865 3526 936 3588 (1)
961 3526 1032 3575 Le
1052 3523 1419 3585 microcosmus,
1446 3524 1534 3586 qui
1555 3537 1731 3588 expose
1752 3523 1800 3575 le
1825 3525 1985 3574 meme
2010 3522 2099 3574 fait
2121 3523 2243 3575 dans
2273 3524 2341 3575 les
2362 3525 2544 3581 memes
2564 3530 2742 3576 termes

799 3620 815 3681 (
828 3630 890 3667 au
914 3616 1030 3667 folio
1052 3620 1116 3668 23
1144 3600 1240 3680 θ’),
1272 3616 1474 3668 ε’έιιιειιι
1502 3620 1531 3667 ὰ
1555 3623 1683 3667 cette
1718 3615 2041 3678 singular-init
2076 3630 2148 3667 un
2169 3619 2329 3668 fleuve
2351 3616 2441 3679 qui
2465 3624 2632 3685 monte
2655 3618 2670 3669 1
2693 3616 2738 3667 11

813 3708 882 3759 ait
905 3708 1139 3773 precedet
1162 3709 1209 3761 le
1235 3724 1434 3761 sursum
1457 3710 1613 3759 tendit
1636 3708 1723 3759 des
1741 3714 1870 3758 mots
1892 3723 1907 3760 z
1936 3709 2161 3767 mirabile,
2187 3710 2357 3761 dictu!

868 3801 934 3864 (2)
969 3806 1044 3854 En
1066 3817 1273 3868 merge:
1313 3804 1385 3854 De
1412 3803 1631 3868 physica.
1670 3856 1679 3861 ,
1794 3845 1801 3850 .
