3166 4952
1622 410 1941 472 ...52-

1055 575 1437 654 Aggregant‚
1457 569 1896 651 multiplicant,
1915 568 2179 650 duplant
2192 567 2278 649 (1)
2301 567 2480 648 algor

1054 677 1380 740 Summam
1416 679 1644 737 tractat
1681 673 1917 736 fenoris
1959 673 2288 737 incubator
2325 671 2417 753 (2)
2448 691 2485 736 c
2536 566 2689 739 ξιειθ

1059 1025 1211 1087 Cum
1267 1039 1497 1085 canoro
1553 1022 1816 1102 strepitu
1865 1019 2096 1083 labitur
2140 1038 2246 1083 sec
2286 1066 2300 1082 .
2352 1065 2369 1082 .

1054 1130 1251 1192 Gustu
1298 1127 1686 1190 delectabilis
1709 1171 1725 1201 ,
1774 1143 2098 1187 murmure
2139 1125 2243 1204 joc
2286 1167 2301 1186 .
2359 1130 2374 1186 .'

811 923 913 985 89.
946 953 1024 966 --
1055 917 1414 981 calculosus
1443 914 1535 998 (3)
1569 913 1759 978 etiam
1783 959 1801 990 ‚
1845 914 1959 977 sed
2000 915 2202 996 magis
2241 915 2385 995 prol*

2419 917 2446 1262 ξ
2470 1074 2674 1137 undus

1056 1233 1418 1296 Armoniam
1447 1237 1701 1294 resonat
1729 1230 1979 1311 qualem
2010 1236 2191 1292 sonat
2210 1231 2293 1312 (4)
2316 1249 2380 1291 m

1063 1580 1299 1643 Blanda
1360 1580 1687 1643 semitonia
1740 1580 1877 1659 (5),
1930 1581 2245 1659 graviores
2292 1586 2316 1642 t
2360 1625 2376 1642 .

1061 1689 1136 1749 Et
1161 1687 1312 1749 dum
1342 1703 1593 1766 queque
1622 1704 1902 1748 consona
1930 1692 2077 1749 sunt
2103 1687 2382 1767 proporti

817 1479 911 1541 90.
951 1510 1027 1520 -
1056 1474 1360 1550 consoni,
1393 1475 1506 1537 sed
1535 1473 1820 1553 dispares
1847 1474 1994 1536 hinc
2022 1475 2327 1538 resultant
2353 1493 2384 1537 s

1060 1793 1260 1856 Nichil
1308 1811 1424 1873 par
1467 1790 1765 1871 organice
1808 1789 2113 1852 modulati
2154 1833 2169 1850 .
2227 1833 2242 1850 .
2288 1834 2304 1850 .
2365 1835 2380 1850 .

894 2167 964 2231 (1)
1013 2183 1035 2212 ι
1069 2165 1312 2229 Algorista
1331 2199 1344 2224 ‚
1381 2165 1683 2228 supputandi
1726 2170 1778 2215 et
1814 2164 2088 2216 calculandi
2122 2165 2321 2228 peritus.
2346 2192 2409 2202 —
2431 2165 2763 2230 Algorismus,

830 2257 1161 2316 Arithmetica,
1210 2254 1504 2307 numerandi
1541 2267 1621 2304 ars
1638 2289 1653 2315 ‚
1712 2255 1939 2320 Hispanis
1976 2257 2315 2320 Atquarismo,
2366 2272 2459 2308 vox
2501 2258 2710 2310 arabica.
2741 2279 2761 2303 ·

825 2351 1076 2413 Ducange,
1107 2355 1142 2400 t.
1195 2349 1237 2410 1,
1284 2362 1335 2411 p.
1382 2349 1494 2399 180.
1524 2371 1591 2384 -
1620 2347 1777 2410 Voyez
1812 2345 1934 2399 daus
1970 2347 2015 2398 le
2065 2350 2203 2399 Rara
2235 2351 2603 2412 mathematica,
2648 2351 2765 2403 edit.

828 2441 1083 2503 Halliwell,
1111 2440 1158 2492 le
1185 2440 1454 2491 Tractatus
1491 2439 1551 2489 de
1575 2448 1689 2490 arte
1719 2441 2012 2491 numerandi
2055 2443 2135 2505 (p.
2161 2445 2282 2494 1-26
2302 2442 2321 2507 )
2340 2480 2354 2508 ,
2394 2450 2442 2495 et
2486 2441 2533 2494 le
2563 2442 2770 2494 Carmen

828 2536 886 2584 de
927 2533 1191 2598 alyorismo
1237 2536 1302 2595 (p.
1345 2533 1534 2596 73-83).
1581 2532 1661 2583 Cl'.
1694 2533 1905 2583 Thomas
1933 2532 2157 2597 Wright,
2196 2533 2275 2583 On
2312 2535 2390 2583 the
2417 2535 2617 2595 abacus,
2651 2532 2774 2586 dans

835 2626 934 2677 The
975 2625 1189 2675 Journal
1239 2623 1298 2686 of
1343 2624 1418 2673 the
1462 2623 1651 2673 Briu'sh
1685 2625 2064 2688 Archoeoloyicat
2095 2626 2411 2685 associariom
2452 2626 2578 2691 april
2621 2629 2767 2687 1866,

827 2732 878 2783 p.
930 2720 1108 2773 oli-72.
1143 2717 1299 2781 Voyez
1336 2730 1513 2766 encore
1554 2715 1712 2767 l'abbe
1746 2716 1973 2777 Lebeul',
2012 2718 2371 2768 Dissertations
2408 2733 2500 2769 sur
2538 2721 2776 2771 l'hisloire

828 2809 1187 2873 ecclesiastique
1230 2818 1276 2857 et
1313 2809 1452 2858 civile
1489 2809 1547 2857 de
1571 2808 1740 2867 Paris,
1778 2816 1814 2859 t.
1840 2809 1907 2869 11,
1933 2823 1980 2874 p.
2026 2812 2190 2862 89-95.

898 2903 970 2969 (2)
1009 2902 1272 2951 Incubator
1289 2902 1421 2961 ciste,
1451 2900 1580 2951 celui
1600 2900 1688 2964 qui
1718 2914 1769 2951 se
1784 2902 1969 2952 conche
1989 2916 2076 2953 sur
2096 2917 2183 2953 son
2207 2902 2491 2965 come-fort,
2514 2905 2602 2966 qui
2622 2920 2779 2958 couve

829 2995 924 3047 l'oi·
963 2995 1085 3059 qu’il
1112 3009 1143 3059 y
1166 2994 1424 3054 renferme,
1449 2992 1692 3054 l’usurier,
1726 2993 1773 3044 le
1793 2994 2050 3057 banquier.

901 3089 966 3155 (3)
1003 3090 1079 3139 En
1105 3100 1303 3151 mai-ge:
1328 3088 1401 3136 De
1432 3088 1633 3139 musica.

900 3178 972 3243 (Δ)
1008 3177 1242 3237 ΑΙΙιιείοιι,
1274 3175 1325 3239 ie
1351 3190 1594 3242 suppose,
1622 3179 1651 3227 a
1681 3182 1809 3227 cette
1835 3178 2063 3240 musique
2084 3176 2171 3229 des
2208 3180 2404 3243 spheres
2430 3179 2657 3241 celestes,
2696 3195 2781 3232 sur

832 3270 1048 3333 laquelle
1086 3284 1152 3321 ou
1173 3284 1202 3320 a
1227 3276 1332 3320 tant
1360 3268 1496 3320 ecrit.
1535 3271 1594 3319 Je
1632 3284 1711 3319 me
1738 3271 2065 3331 contenterai,
2091 3285 2155 3322 ne
2189 3278 2406 3335 pouvant
2430 3272 2551 3323 citer
2580 3280 2689 3324 tous
2710 3274 2781 3324 les

831 3370 1034 3415 auteurs
1068 3364 1155 3425 qui
1181 3362 1287 3414 s'en
1324 3368 1435 3413 sont
1460 3365 1687 3427 occupes,
1725 3361 1788 3414 de
1822 3377 2057 3427 renvoyer
2084 3364 2113 3412 a
2146 3350 2402 3415 Macrobez
2436 3365 2701 3416 commem.
2728 3366 2780 3414 in

837 3456 1004 3509 Somn.
1042 3455 1199 3519 δαίμ,
1235 3455 1321 3506 lib.
1345 3454 1414 3515 11,
1443 3468 1490 3507 c.
1521 3458 1548 3505 1
1580 3461 1631 3505 et
1654 3468 1767 3519 sqq·

903 3550 968 3615 (5)
1015 3565 1038 3595 α
1055 3547 1379 3601 semitonium
1397 3554 1693 3599 vocaverunt
1712 3562 1887 3599 sonum
1909 3555 2026 3599 tono
2047 3548 2314 3610 minorcm3
2336 3562 2487 3613 quem
2508 3556 2609 3601 tam
2632 3564 2783 3615 parvo

831 3640 1014 3692 distare
1057 3654 1086 3691 a
1128 3646 1246 3691 tono
1285 3640 1643 3703 deprehensum
1670 3648 1743 3691 est
1759 3674 1775 3701 ,
1820 3648 2064 3703 quantum
2103 3641 2155 3692 hi
2190 3640 2292 3693 duo
2332 3642 2525 3692 numeri
2566 3642 2695 3694 inter
2732 3656 2785 3694 se

835 3730 1049 3794 distant,
1087 3731 1139 3782 id
1176 3739 1264 3793 est,
1309 3729 1522 3782 ducenta
1557 3731 1881 3797 quadraginta
1924 3732 2043 3793 tria,
2090 3738 2140 3783 et
2179 3732 2392 3783 ducenta
2427 3731 2786 3797 quinquaginta

833 3837 933 3877 sex.
961 3844 982 3869 ο
1027 3824 1281 3885 Macrobe,
1305 3823 1340 3877 l.
1367 3823 1421 3885 1.,
1449 3838 1492 3874 c.
1526 3827 1573 3875 1.
