<?xml version="1.0" encoding="UTF-8"?>
<!DOCTYPE html PUBLIC "-//W3C//DTD XHTML 1.0 Transitional//EN"
    "http://www.w3.org/TR/xhtml1/DTD/xhtml1-transitional.dtd">
<html xmlns="http://www.w3.org/1999/xhtml" xml:lang="en" lang="en">
 <head>
  <title>
</title>
<meta http-equiv="Content-Type" content="text/html;charset=utf-8" />
  <meta name='ocr-system' content='tesseract 3.04.00' />
  <meta name='ocr-capabilities' content='ocr_page ocr_carea ocr_par ocr_line ocrx_word'/>
</head>
<body>
  <div class='ocr_page' id='page_1' title='image "./fonsphilosophia00breugoog/fonsphilosophia00breugoog_0039.png"; bbox 0 0 3166 4952; ppageno 0'>
   <div class='ocr_carea' id='block_1_1' title="bbox 1202 431 1524 492">
    <p class='ocr_par' dir='ltr' id='par_1_1' title="bbox 1202 431 1524 492">
     <span class='ocr_line' id='line_1_1' title="bbox 1202 431 1524 492; baseline -0.006 -14"><span class='ocrx_word' id='word_1_1' title='bbox 1202 431 1524 492; x_wconf 75' lang='lat'>—29—</span> 
     </span>
    </p>
   </div>
   <div class='ocr_carea' id='block_1_2' title="bbox 645 697 1972 774">
    <p class='ocr_par' dir='ltr' id='par_1_2' title="bbox 645 697 1972 774">
     <span class='ocr_line' id='line_1_2' title="bbox 645 697 1972 774; baseline 0.002 -14"><span class='ocrx_word' id='word_1_2' title='bbox 645 699 802 761; x_wconf 87' lang='lat' dir='ltr'><strong>Hinc</strong></span> <span class='ocrx_word' id='word_1_3' title='bbox 864 697 1312 762; x_wconf 80' lang='lat' dir='ltr'>adolescentuli</span> <span class='ocrx_word' id='word_1_4' title='bbox 1370 700 1624 774; x_wconf 76' lang='lat' dir='ltr'><strong>bibunt,</strong></span> <span class='ocrx_word' id='word_1_5' title='bbox 1692 701 1837 762; x_wconf 89' lang='lat' dir='ltr'><strong>hinc</strong></span> <span class='ocrx_word' id='word_1_6' title='bbox 1891 701 1972 763; x_wconf 89' lang='lat' dir='ltr'><strong>ad</strong></span> 
     </span>
    </p>
   </div>
   <div class='ocr_carea' id='block_1_3' title="bbox 645 808 1975 888">
    <p class='ocr_par' dir='ltr' id='par_1_3' title="bbox 645 808 1975 888">
     <span class='ocr_line' id='line_1_3' title="bbox 645 808 1975 888; baseline 0.003 -21"><span class='ocrx_word' id='word_1_7' title='bbox 645 808 919 886; x_wconf 83' lang='lat' dir='ltr'><strong>Quisque</strong></span> <span class='ocrx_word' id='word_1_8' title='bbox 993 824 1108 869; x_wconf 89' lang='lat' dir='ltr'><strong>suo</strong></span> <span class='ocrx_word' id='word_1_9' title='bbox 1177 808 1435 869; x_wconf 90' lang='lat' dir='ltr'><strong>modulo</strong></span> <span class='ocrx_word' id='word_1_10' title='bbox 1499 809 1855 888; x_wconf 82' lang='lat' dir='ltr'><strong>sapienteS,</strong></span> <span class='ocrx_word' id='word_1_11' title='bbox 1919 816 1975 872; x_wconf 84' lang='lat' dir='ltr'><strong>st</strong></span> 
     </span>
    </p>
   </div>
   <div class='ocr_carea' id='block_1_4' title="bbox 403 589 2177 994">
    <p class='ocr_par' dir='ltr' id='par_1_4' title="bbox 403 589 2177 994">
     <span class='ocr_line' id='line_1_4' title="bbox 403 589 1968 656; baseline -0.001 0"><span class='ocrx_word' id='word_1_12' title='bbox 403 597 496 656; x_wconf 74' lang='lat'><strong>25.</strong></span> <span class='ocrx_word' id='word_1_13' title='bbox 537 627 616 638; x_wconf 97' lang='lat'><strong>—</strong></span> <span class='ocrx_word' id='word_1_14' title='bbox 641 592 750 652; x_wconf 88' lang='lat' dir='ltr'><strong>His</strong></span> <span class='ocrx_word' id='word_1_15' title='bbox 815 590 1067 652; x_wconf 89' lang='lat' dir='ltr'><strong>fluentis</strong></span> <span class='ocrx_word' id='word_1_16' title='bbox 1133 589 1410 654; x_wconf 85' lang='lat' dir='ltr'><strong>assident</strong></span> <span class='ocrx_word' id='word_1_17' title='bbox 1474 593 1838 655; x_wconf 81' lang='lat' dir='ltr'><strong>haurientes</strong></span> <span class='ocrx_word' id='word_1_18' title='bbox 1906 612 1968 654; x_wconf 92' lang='lat' dir='ltr'><strong>m</strong></span> 
     </span>
     <span class='ocr_line' id='line_1_5' title="bbox 2012 601 2177 994; baseline 0.018 -174"><span class='ocrx_word' id='word_1_19' title='bbox 2012 601 2040 994; x_wconf 54' lang='grc' dir='ltr'><strong>ξ</strong></span> <span class='ocrx_word' id='word_1_20' title='bbox 2066 761 2177 823; x_wconf 86' lang='lat' dir='ltr'><strong>ulti</strong></span> 
     </span>
     <span class='ocr_line' id='line_1_6' title="bbox 647 913 1989 992; baseline 0.002 -19"><span class='ocrx_word' id='word_1_21' title='bbox 647 913 944 986; x_wconf 86' lang='lat' dir='ltr'><strong>Quamvis</strong></span> <span class='ocrx_word' id='word_1_22' title='bbox 979 918 1192 992; x_wconf 81' lang='lat' dir='ltr'><strong>preter</strong></span> <span class='ocrx_word' id='word_1_23' title='bbox 1219 914 1502 976; x_wconf 87' lang='lat' dir='ltr'><strong>ordinem</strong></span> <span class='ocrx_word' id='word_1_24' title='bbox 1531 921 1727 977; x_wconf 85' lang='lat' dir='ltr'><strong>ruunt</strong></span> <span class='ocrx_word' id='word_1_25' title='bbox 1754 915 1989 988; x_wconf 78' lang='lat' dir='ltr'><strong>incons</strong></span> 
     </span>
    </p>
   </div>
   <div class='ocr_carea' id='block_1_5' title="bbox 408 1046 1983 1429">
    <p class='ocr_par' dir='ltr' id='par_1_5' title="bbox 408 1046 1983 1429">
     <span class='ocr_line' id='line_1_7' title="bbox 408 1046 1983 1128; baseline 0 -18"><span class='ocrx_word' id='word_1_26' title='bbox 408 1052 508 1110; x_wconf 74' lang='lat'><strong>26.</strong></span> <span class='ocrx_word' id='word_1_27' title='bbox 547 1081 622 1094; x_wconf 88' lang='lat'>—</span> <span class='ocrx_word' id='word_1_28' title='bbox 650 1049 863 1108; x_wconf 86' lang='lat' dir='ltr'><strong>Ruunt</strong></span> <span class='ocrx_word' id='word_1_29' title='bbox 905 1052 1116 1126; x_wconf 86' lang='lat' dir='ltr'><strong>preter</strong></span> <span class='ocrx_word' id='word_1_30' title='bbox 1152 1046 1439 1108; x_wconf 86' lang='lat' dir='ltr'><strong>ordinem</strong></span> <span class='ocrx_word' id='word_1_31' title='bbox 1485 1065 1615 1109; x_wconf 90' lang='lat' dir='ltr'><strong>non</strong></span> <span class='ocrx_word' id='word_1_32' title='bbox 1666 1050 1902 1128; x_wconf 83' lang='lat' dir='ltr'><strong>experti</strong></span> <span class='ocrx_word' id='word_1_33' title='bbox 1950 1068 1983 1109; x_wconf 92' lang='lat' dir='ltr'><strong>r</strong></span> 
     </span>
     <span class='ocr_line' id='line_1_8' title="bbox 649 1151 1969 1216; baseline 0.002 -3"><span class='ocrx_word' id='word_1_34' title='bbox 649 1151 929 1214; x_wconf 82' lang='lat' dir='ltr'><strong>Rationis</strong></span> <span class='ocrx_word' id='word_1_35' title='bbox 990 1153 1243 1214; x_wconf 90' lang='lat' dir='ltr'><strong>oculum</strong></span> <span class='ocrx_word' id='word_1_36' title='bbox 1301 1171 1431 1215; x_wconf 91' lang='lat' dir='ltr'><strong>non</strong></span> <span class='ocrx_word' id='word_1_37' title='bbox 1490 1154 1796 1216; x_wconf 83' lang='lat' dir='ltr'><strong>habentes</strong></span> <span class='ocrx_word' id='word_1_38' title='bbox 1851 1173 1916 1214; x_wconf 90' lang='lat' dir='ltr'><strong>m</strong></span> <span class='ocrx_word' id='word_1_39' title='bbox 1956 1200 1969 1215; x_wconf 88' lang='lat'><strong>.</strong></span> 
     </span>
     <span class='ocr_line' id='line_1_9' title="bbox 654 1257 1975 1337; baseline 0.002 -19"><span class='ocrx_word' id='word_1_40' title='bbox 654 1257 803 1318; x_wconf 92' lang='lat' dir='ltr'><strong>Ideo</strong></span> <span class='ocrx_word' id='word_1_41' title='bbox 863 1263 1232 1337; x_wconf 86' lang='lat' dir='ltr'><strong>pretereunt</strong></span> <span class='ocrx_word' id='word_1_42' title='bbox 1286 1276 1414 1319; x_wconf 91' lang='lat' dir='ltr'><strong>non</strong></span> <span class='ocrx_word' id='word_1_43' title='bbox 1475 1259 1760 1321; x_wconf 87' lang='lat' dir='ltr'><strong>videntes</strong></span> <span class='ocrx_word' id='word_1_44' title='bbox 1814 1280 1852 1320; x_wconf 88' lang='lat' dir='ltr'>v</span> <span class='ocrx_word' id='word_1_45' title='bbox 1894 1307 1907 1320; x_wconf 93' lang='lat'>.</span> <span class='ocrx_word' id='word_1_46' title='bbox 1960 1306 1975 1321; x_wconf 91' lang='lat'><strong>.</strong></span> 
     </span>
     <span class='ocr_line' id='line_1_10' title="bbox 659 1362 1976 1429; baseline 0.004 -5"><span class='ocrx_word' id='word_1_47' title='bbox 659 1362 786 1424; x_wconf 88' lang='lat' dir='ltr'><strong>Nisi</strong></span> <span class='ocrx_word' id='word_1_48' title='bbox 842 1363 1098 1424; x_wconf 87' lang='lat' dir='ltr'><strong>tandem</strong></span> <span class='ocrx_word' id='word_1_49' title='bbox 1150 1363 1358 1425; x_wconf 85' lang='lat' dir='ltr'><strong>luceat</strong></span> <span class='ocrx_word' id='word_1_50' title='bbox 1414 1364 1503 1425; x_wconf 91' lang='lat' dir='ltr'><strong>eis</strong></span> <span class='ocrx_word' id='word_1_51' title='bbox 1552 1364 1769 1426; x_wconf 92' lang='lat' dir='ltr'><strong>lumen</strong></span> <span class='ocrx_word' id='word_1_52' title='bbox 1825 1384 1854 1425; x_wconf 89' lang='lat' dir='ltr'><strong>s</strong></span> <span class='ocrx_word' id='word_1_53' title='bbox 1892 1411 1905 1426; x_wconf 91' lang='lat'><strong>.</strong></span> <span class='ocrx_word' id='word_1_54' title='bbox 1962 1413 1976 1429; x_wconf 89' lang='lat'><strong>.</strong></span> 
     </span>
    </p>
   </div>
   <div class='ocr_carea' id='block_1_6' title="bbox 2077 1226 2252 1270">
    <p class='ocr_par' dir='ltr' id='par_1_6' title="bbox 2077 1226 2252 1270">
     <span class='ocr_line' id='line_1_11' title="bbox 2077 1226 2252 1270; baseline -0.017 0"><span class='ocrx_word' id='word_1_55' title='bbox 2077 1226 2252 1270; x_wconf 74' lang='lat' dir='ltr'><strong>erum</strong></span> 
     </span>
    </p>
   </div>
   <div class='ocr_carea' id='block_1_7' title="bbox 655 1601 2080 1786">
    <p class='ocr_par' dir='ltr' id='par_1_7' title="bbox 655 1601 2080 1786">
     <span class='ocr_line' id='line_1_12' title="bbox 661 1601 2080 1681; baseline -0.001 -19"><span class='ocrx_word' id='word_1_56' title='bbox 661 1601 864 1662; x_wconf 81' lang='lat' dir='ltr'><strong>Prima</strong></span> <span class='ocrx_word' id='word_1_57' title='bbox 917 1619 1064 1663; x_wconf 83' lang='lat' dir='ltr'><strong>cece</strong></span> <span class='ocrx_word' id='word_1_58' title='bbox 1111 1607 1490 1678; x_wconf 82' lang='lat' dir='ltr'><strong>transeunt,</strong></span> <span class='ocrx_word' id='word_1_59' title='bbox 1539 1608 1609 1663; x_wconf 90' lang='lat' dir='ltr'><strong>ut</strong></span> <span class='ocrx_word' id='word_1_60' title='bbox 1662 1601 1886 1681; x_wconf 83' lang='lat' dir='ltr'><strong>abjecti</strong></span> <span class='ocrx_word' id='word_1_61' title='bbox 1926 1645 1944 1663; x_wconf 86' lang='lat'><strong>.</strong></span> <span class='ocrx_word' id='word_1_62' title='bbox 1995 1646 2009 1661; x_wconf 93' lang='lat'><strong><em>.</em></strong></span> <span class='ocrx_word' id='word_1_63' title='bbox 2068 1646 2080 1660; x_wconf 92' lang='lat'><strong>.</strong></span> 
     </span>
     <span class='ocr_line' id='line_1_13' title="bbox 655 1706 2078 1786; baseline -0.001 -18"><span class='ocrx_word' id='word_1_64' title='bbox 655 1709 784 1768; x_wconf 89' lang='lat' dir='ltr'><strong>Neo</strong></span> <span class='ocrx_word' id='word_1_65' title='bbox 849 1707 1184 1768; x_wconf 85' lang='lat' dir='ltr'><strong>advertunt</strong></span> <span class='ocrx_word' id='word_1_66' title='bbox 1233 1706 1441 1768; x_wconf 86' lang='lat' dir='ltr'><strong>stolidi</strong></span> <span class='ocrx_word' id='word_1_67' title='bbox 1487 1707 1659 1786; x_wconf 91' lang='lat' dir='ltr'><strong>quod</strong></span> <span class='ocrx_word' id='word_1_68' title='bbox 1705 1707 1885 1768; x_wconf 88' lang='lat' dir='ltr'><strong>ulteri</strong></span> <span class='ocrx_word' id='word_1_69' title='bbox 1928 1753 1943 1767; x_wconf 90' lang='lat'><strong>.</strong></span> <span class='ocrx_word' id='word_1_70' title='bbox 1995 1751 2009 1767; x_wconf 92' lang='lat'><strong>.</strong></span> <span class='ocrx_word' id='word_1_71' title='bbox 2063 1750 2078 1767; x_wconf 87' lang='lat'><strong>.</strong></span> 
     </span>
    </p>
   </div>
   <div class='ocr_carea' id='block_1_8' title="bbox 415 1497 2087 1890">
    <p class='ocr_par' dir='ltr' id='par_1_8' title="bbox 415 1497 2087 1890">
     <span class='ocr_line' id='line_1_14' title="bbox 415 1497 2072 1577; baseline -0.001 -17"><span class='ocrx_word' id='word_1_72' title='bbox 415 1503 511 1560; x_wconf 77' lang='lat'><strong>27.</strong></span> <span class='ocrx_word' id='word_1_73' title='bbox 546 1533 625 1544; x_wconf 91' lang='lat'>—</span> <span class='ocrx_word' id='word_1_74' title='bbox 655 1498 936 1576; x_wconf 86' lang='lat' dir='ltr'><strong>Cumque</strong></span> <span class='ocrx_word' id='word_1_75' title='bbox 1001 1497 1260 1560; x_wconf 86' lang='lat' dir='ltr'><strong>credant</strong></span> <span class='ocrx_word' id='word_1_76' title='bbox 1329 1497 1453 1559; x_wconf 87' lang='lat' dir='ltr'><strong>alia</strong></span> <span class='ocrx_word' id='word_1_77' title='bbox 1523 1504 1710 1577; x_wconf 82' lang='lat' dir='ltr'><strong>gustu</strong></span> <span class='ocrx_word' id='word_1_78' title='bbox 1774 1499 1950 1560; x_wconf 83' lang='lat' dir='ltr'><strong>suavi</strong></span> <span class='ocrx_word' id='word_1_79' title='bbox 1998 1544 2011 1559; x_wconf 88' lang='lat'><strong>.</strong></span> <span class='ocrx_word' id='word_1_80' title='bbox 2057 1542 2072 1559; x_wconf 88' lang='lat'><strong>.</strong></span> 
     </span>
     <span class='ocr_line' id='line_1_15' title="bbox 665 1811 2087 1890; baseline -0.002 -18"><span class='ocrx_word' id='word_1_81' title='bbox 665 1812 810 1873; x_wconf 90' lang='lat' dir='ltr'><strong>Sine</strong></span> <span class='ocrx_word' id='word_1_82' title='bbox 839 1811 1264 1872; x_wconf 80' lang='lat' dir='ltr'><strong>fundamentis</strong></span> <span class='ocrx_word' id='word_1_83' title='bbox 1293 1811 1389 1871; x_wconf 90' lang='lat' dir='ltr'><strong>his</strong></span> <span class='ocrx_word' id='word_1_84' title='bbox 1417 1817 1611 1872; x_wconf 90' lang='lat' dir='ltr'><strong>ruunt</strong></span> <span class='ocrx_word' id='word_1_85' title='bbox 1636 1811 1719 1890; x_wconf 82' lang='lat'><strong>(1)</strong></span> <span class='ocrx_word' id='word_1_86' title='bbox 1754 1811 1993 1889; x_wconf 85' lang='lat' dir='ltr'><strong>absque</strong></span> <span class='ocrx_word' id='word_1_87' title='bbox 2024 1829 2087 1869; x_wconf 91' lang='lat' dir='ltr'><strong>m</strong></span> 
     </span>
    </p>
   </div>
   <div class='ocr_carea' id='block_1_9' title="bbox 661 2045 1995 2230">
    <p class='ocr_par' dir='ltr' id='par_1_9' title="bbox 661 2045 1995 2230">
     <span class='ocr_line' id='line_1_16' title="bbox 663 2045 1981 2126; baseline 0 -21"><span class='ocrx_word' id='word_1_88' title='bbox 663 2045 1069 2108; x_wconf 82' lang='lat' dir='ltr'><strong>Voluntatum</strong></span> <span class='ocrx_word' id='word_1_89' title='bbox 1135 2047 1353 2106; x_wconf 87' lang='lat' dir='ltr'><strong>studiis</strong></span> <span class='ocrx_word' id='word_1_90' title='bbox 1422 2047 1585 2126; x_wconf 82' lang='lat' dir='ltr'><strong>rapti</strong></span> <span class='ocrx_word' id='word_1_91' title='bbox 1651 2046 1857 2108; x_wconf 89' lang='lat' dir='ltr'><strong>divers</strong></span> <span class='ocrx_word' id='word_1_92' title='bbox 1900 2091 1914 2106; x_wconf 93' lang='lat'><strong>.</strong></span> <span class='ocrx_word' id='word_1_93' title='bbox 1969 2092 1981 2105; x_wconf 94' lang='lat'><strong>.</strong></span> 
     </span>
     <span class='ocr_line' id='line_1_17' title="bbox 661 2151 1995 2230; baseline -0.001 -18"><span class='ocrx_word' id='word_1_94' title='bbox 661 2151 842 2212; x_wconf 90' lang='lat' dir='ltr'><strong>Illum</strong></span> <span class='ocrx_word' id='word_1_95' title='bbox 881 2151 1072 2213; x_wconf 80' lang='lat' dir='ltr'><strong>trahit</strong></span> <span class='ocrx_word' id='word_1_96' title='bbox 1109 2151 1379 2230; x_wconf 84' lang='lat' dir='ltr'><strong>impetus</strong></span> <span class='ocrx_word' id='word_1_97' title='bbox 1403 2197 1418 2225; x_wconf 90' lang='lat'>‚</span> <span class='ocrx_word' id='word_1_98' title='bbox 1464 2153 1633 2213; x_wconf 88' lang='lat' dir='ltr'><strong>hunc</strong></span> <span class='ocrx_word' id='word_1_99' title='bbox 1662 2170 1841 2214; x_wconf 88' lang='lat' dir='ltr'><strong>amor</strong></span> <span class='ocrx_word' id='word_1_100' title='bbox 1872 2170 1995 2230; x_wconf 85' lang='lat' dir='ltr'><strong>aqu</strong></span> 
     </span>
    </p>
   </div>
   <div class='ocr_carea' id='block_1_10' title="bbox 420 1943 2268 2336">
    <p class='ocr_par' dir='ltr' id='par_1_10' title="bbox 420 1943 2268 2336">
     <span class='ocr_line' id='line_1_18' title="bbox 420 1943 1991 2023; baseline -0.001 -17"><span class='ocrx_word' id='word_1_101' title='bbox 420 1947 514 2006; x_wconf 75' lang='lat'><strong>28.</strong></span> <span class='ocrx_word' id='word_1_102' title='bbox 554 1978 632 1989; x_wconf 95' lang='lat'><strong>—</strong></span> <span class='ocrx_word' id='word_1_103' title='bbox 665 1947 714 2005; x_wconf 87' lang='lat' dir='ltr'><strong>A</strong></span> <span class='ocrx_word' id='word_1_104' title='bbox 779 1944 1037 2005; x_wconf 86' lang='lat' dir='ltr'><strong>diversis</strong></span> <span class='ocrx_word' id='word_1_105' title='bbox 1109 1945 1368 2005; x_wconf 84' lang='lat' dir='ltr'><strong>veniunt</strong></span> <span class='ocrx_word' id='word_1_106' title='bbox 1431 1943 1661 2004; x_wconf 87' lang='lat' dir='ltr'><strong>finibus</strong></span> <span class='ocrx_word' id='word_1_107' title='bbox 1722 1944 1804 2023; x_wconf 76' lang='lat'><strong>(2)</strong></span> <span class='ocrx_word' id='word_1_108' title='bbox 1864 1949 1991 2004; x_wconf 79' lang='lat' dir='ltr'><strong>terr</strong></span> 
     </span>
     <span class='ocr_line' id='line_1_19' title="bbox 2034 1946 2268 2334; baseline -0.009 -168"><span class='ocrx_word' id='word_1_109' title='bbox 2034 1946 2268 2334; x_wconf 42' lang='lat' dir='ltr'><strong>{arum</strong></span> 
     </span>
     <span class='ocr_line' id='line_1_20' title="bbox 663 2256 1988 2336; baseline 0.001 -20"><span class='ocrx_word' id='word_1_110' title='bbox 663 2256 776 2317; x_wconf 90' lang='lat' dir='ltr'><strong>Hic</strong></span> <span class='ocrx_word' id='word_1_111' title='bbox 824 2256 1078 2317; x_wconf 84' lang='lat' dir='ltr'><strong>bibendi</strong></span> <span class='ocrx_word' id='word_1_112' title='bbox 1127 2258 1430 2336; x_wconf 79' lang='lat' dir='ltr'><strong>cupiduS,</strong></span> <span class='ocrx_word' id='word_1_113' title='bbox 1487 2258 1591 2318; x_wconf 91' lang='lat' dir='ltr'><strong>ille</strong></span> <span class='ocrx_word' id='word_1_114' title='bbox 1646 2258 1768 2318; x_wconf 86' lang='lat' dir='ltr'><strong>sitit</strong></span> <span class='ocrx_word' id='word_1_115' title='bbox 1825 2277 1866 2336; x_wconf 87' lang='lat' dir='ltr'>p</span> <span class='ocrx_word' id='word_1_116' title='bbox 1914 2302 1927 2317; x_wconf 94' lang='lat'><strong>.</strong></span> <span class='ocrx_word' id='word_1_117' title='bbox 1974 2303 1988 2317; x_wconf 92' lang='lat'><strong>.</strong></span> 
     </span>
    </p>
   </div>
   <div class='ocr_carea' id='block_1_11' title="bbox 426 2413 2397 3969">
    <p class='ocr_par' dir='ltr' id='par_1_11' title="bbox 426 2413 2383 2929">
     <span class='ocr_line' id='line_1_21' title="bbox 426 2413 2379 2481; baseline -0.001 -17"><span class='ocrx_word' id='word_1_118' title='bbox 426 2418 494 2466; x_wconf 85' lang='lat' dir='ltr'><strong>les</strong></span> <span class='ocrx_word' id='word_1_119' title='bbox 519 2418 800 2466; x_wconf 82' lang='lat' dir='ltr'><strong>substances</strong></span> <span class='ocrx_word' id='word_1_120' title='bbox 828 2416 1143 2476; x_wconf 84' lang='lat' dir='ltr'><strong>materielles‚</strong></span> <span class='ocrx_word' id='word_1_121' title='bbox 1169 2423 1219 2466; x_wconf 89' lang='lat' dir='ltr'><strong>et</strong></span> <span class='ocrx_word' id='word_1_122' title='bbox 1240 2416 1301 2466; x_wconf 90' lang='lat' dir='ltr'><strong>de</strong></span> <span class='ocrx_word' id='word_1_123' title='bbox 1325 2417 1536 2476; x_wconf 86' lang='lat' dir='ltr'><strong>donner,</strong></span> <span class='ocrx_word' id='word_1_124' title='bbox 1570 2430 1661 2481; x_wconf 86' lang='lat' dir='ltr'><strong>par</strong></span> <span class='ocrx_word' id='word_1_125' title='bbox 1700 2416 1916 2481; x_wconf 88' lang='lat' dir='ltr'><strong>exemple</strong></span> <span class='ocrx_word' id='word_1_126' title='bbox 1933 2451 1947 2476; x_wconf 90' lang='lat'>‚</span> <span class='ocrx_word' id='word_1_127' title='bbox 1990 2433 2012 2462; x_wconf 76' lang='grc' dir='ltr'><strong>α</strong></span> <span class='ocrx_word' id='word_1_128' title='bbox 2046 2414 2199 2480; x_wconf 84' lang='lat' dir='ltr'><strong>lapidi</strong></span> <span class='ocrx_word' id='word_1_129' title='bbox 2230 2413 2379 2464; x_wconf 84' lang='lat' dir='ltr'><strong>alicui</strong></span> 
     </span>
     <span class='ocr_line' id='line_1_22' title="bbox 427 2509 2381 2574; baseline -0.001 -15"><span class='ocrx_word' id='word_1_130' title='bbox 427 2525 528 2559; x_wconf 90' lang='lat' dir='ltr'><strong>non</strong></span> <span class='ocrx_word' id='word_1_131' title='bbox 549 2509 796 2574; x_wconf 87' lang='lat' dir='ltr'><strong>diaphano</strong></span> <span class='ocrx_word' id='word_1_132' title='bbox 830 2509 1242 2572; x_wconf 81' lang='lat' dir='ltr'><strong>diaphaneitatem</strong></span> <span class='ocrx_word' id='word_1_133' title='bbox 1286 2518 1374 2560; x_wconf 86' lang='lat' dir='ltr'><strong>aut</strong></span> <span class='ocrx_word' id='word_1_134' title='bbox 1403 2511 1595 2573; x_wconf 77' lang='lat' dir='ltr'><strong>corpori</strong></span> <span class='ocrx_word' id='word_1_135' title='bbox 1635 2510 1779 2559; x_wconf 84' lang='lat' dir='ltr'><strong>alicui</strong></span> <span class='ocrx_word' id='word_1_136' title='bbox 1816 2524 1917 2559; x_wconf 89' lang='lat' dir='ltr'><strong>non</strong></span> <span class='ocrx_word' id='word_1_137' title='bbox 1945 2510 2201 2573; x_wconf 78' lang='lat' dir='ltr'><strong>vegetabili</strong></span> <span class='ocrx_word' id='word_1_138' title='bbox 2237 2522 2381 2571; x_wconf 82' lang='lat' dir='ltr'><strong>vege-</strong></span> 
     </span>
     <span class='ocr_line' id='line_1_23' title="bbox 429 2601 2381 2667; baseline -0.001 -15"><span class='ocrx_word' id='word_1_139' title='bbox 429 2603 661 2652; x_wconf 85' lang='lat' dir='ltr'><strong>tationem</strong></span> <span class='ocrx_word' id='word_1_140' title='bbox 696 2620 718 2649; x_wconf 77' lang='lat'><strong>»</strong></span> <span class='ocrx_word' id='word_1_141' title='bbox 751 2601 964 2667; x_wconf 84' lang='lat' dir='ltr'><strong>(Novum</strong></span> <span class='ocrx_word' id='word_1_142' title='bbox 1002 2602 1284 2665; x_wconf 72' lang='lat' dir='ltr'><strong>Orqanum,</strong></span> <span class='ocrx_word' id='word_1_143' title='bbox 1317 2603 1407 2652; x_wconf 89' lang='lat' dir='ltr'><strong>lib.</strong></span> <span class='ocrx_word' id='word_1_144' title='bbox 1436 2603 1512 2662; x_wconf 89' lang='lat'><strong>11,</strong></span> <span class='ocrx_word' id='word_1_145' title='bbox 1553 2603 1814 2665; x_wconf 85' lang='lat' dir='ltr'><strong>aphorism.</strong></span> <span class='ocrx_word' id='word_1_146' title='bbox 1853 2604 1882 2654; x_wconf 78' lang='lat' dir='ltr'><strong>li</strong></span> <span class='ocrx_word' id='word_1_147' title='bbox 1912 2609 1961 2651; x_wconf 86' lang='lat' dir='ltr'><strong>et</strong></span> <span class='ocrx_word' id='word_1_148' title='bbox 1991 2603 2080 2666; x_wconf 88' lang='grc'><strong>9).</strong></span> <span class='ocrx_word' id='word_1_149' title='bbox 2116 2602 2246 2651; x_wconf 86' lang='lat' dir='ltr'><strong>C&#39;est</strong></span> <span class='ocrx_word' id='word_1_150' title='bbox 2268 2601 2381 2650; x_wconf 89' lang='lat' dir='ltr'><strong>bien</strong></span> 
     </span>
     <span class='ocr_line' id='line_1_24' title="bbox 430 2692 2377 2758; baseline -0.001 -13"><span class='ocrx_word' id='word_1_151' title='bbox 430 2709 606 2745; x_wconf 88' lang='lat' dir='ltr'><strong>encore</strong></span> <span class='ocrx_word' id='word_1_152' title='bbox 629 2695 770 2743; x_wconf 82' lang='lat' dir='ltr'><strong>rebus</strong></span> <span class='ocrx_word' id='word_1_153' title='bbox 801 2695 1017 2743; x_wconf 82' lang='lat' dir='ltr'><strong>adimere</strong></span> <span class='ocrx_word' id='word_1_154' title='bbox 1033 2696 1208 2757; x_wconf 74' lang='lat' dir='ltr'><strong>species</strong></span> <span class='ocrx_word' id='word_1_155' title='bbox 1236 2709 1373 2754; x_wconf 80' lang='lat' dir='ltr'><strong>suas,</strong></span> <span class='ocrx_word' id='word_1_156' title='bbox 1402 2695 1526 2745; x_wconf 88' lang='lat' dir='ltr'><strong>mais</strong></span> <span class='ocrx_word' id='word_1_157' title='bbox 1555 2710 1647 2758; x_wconf 83' lang='lat' dir='ltr'><strong>par</strong></span> <span class='ocrx_word' id='word_1_158' title='bbox 1669 2694 1753 2744; x_wconf 91' lang='lat' dir='ltr'><strong>des</strong></span> <span class='ocrx_word' id='word_1_159' title='bbox 1780 2694 2011 2757; x_wconf 79' lang='lat' dir='ltr'><strong>procedes</strong></span> <span class='ocrx_word' id='word_1_160' title='bbox 2033 2692 2377 2755; x_wconf 48' lang='lat' dir='ltr'><strong>scientifiquea</strong></span> 
     </span>
     <span class='ocr_line' id='line_1_25' title="bbox 431 2785 2383 2850; baseline -0.002 -14"><span class='ocrx_word' id='word_1_161' title='bbox 431 2794 480 2837; x_wconf 83' lang='lat' dir='ltr'><strong>et</strong></span> <span class='ocrx_word' id='word_1_162' title='bbox 520 2801 621 2836; x_wconf 92' lang='lat' dir='ltr'><strong>non</strong></span> <span class='ocrx_word' id='word_1_163' title='bbox 650 2787 762 2849; x_wconf 88' lang='lat' dir='ltr'><strong>plus</strong></span> <span class='ocrx_word' id='word_1_164' title='bbox 796 2800 887 2850; x_wconf 87' lang='lat' dir='ltr'><strong>par</strong></span> <span class='ocrx_word' id='word_1_165' title='bbox 925 2787 1011 2836; x_wconf 90' lang='lat' dir='ltr'><strong>des</strong></span> <span class='ocrx_word' id='word_1_166' title='bbox 1032 2786 1380 2847; x_wconf 77' lang='lat' dir='ltr'><strong>incantation5‚</strong></span> <span class='ocrx_word' id='word_1_167' title='bbox 1406 2801 1474 2835; x_wconf 91' lang='lat' dir='ltr'><strong>ou</strong></span> <span class='ocrx_word' id='word_1_168' title='bbox 1499 2800 1617 2836; x_wconf 88' lang='lat' dir='ltr'><strong>avec</strong></span> <span class='ocrx_word' id='word_1_169' title='bbox 1647 2785 1692 2836; x_wconf 93' lang='lat' dir='ltr'><strong>le</strong></span> <span class='ocrx_word' id='word_1_170' title='bbox 1727 2799 1965 2836; x_wconf 87' lang='lat' dir='ltr'><strong>concours</strong></span> <span class='ocrx_word' id='word_1_171' title='bbox 2000 2785 2084 2835; x_wconf 89' lang='lat' dir='ltr'><strong>des</strong></span> <span class='ocrx_word' id='word_1_172' title='bbox 2107 2786 2293 2849; x_wconf 86' lang='lat' dir='ltr'><strong>Esprits</strong></span> <span class='ocrx_word' id='word_1_173' title='bbox 2322 2785 2383 2834; x_wconf 87' lang='lat' dir='ltr'><strong>de</strong></span> 
     </span>
     <span class='ocr_line' id='line_1_26' title="bbox 435 2878 668 2929; baseline 0 0"><span class='ocrx_word' id='word_1_174' title='bbox 435 2878 668 2929; x_wconf 75' lang='lat' dir='ltr'><strong>tenebres.</strong></span> 
     </span>
    </p>

    <p class='ocr_par' dir='ltr' id='par_1_12' title="bbox 436 2971 2395 3683">
     <span class='ocr_line' id='line_1_27' title="bbox 503 2971 2380 3034; baseline 0.001 -13"><span class='ocrx_word' id='word_1_175' title='bbox 503 2971 574 3034; x_wconf 82' lang='grc'><strong>(1)</strong></span> <span class='ocrx_word' id='word_1_176' title='bbox 609 2972 767 3034; x_wconf 84' lang='lat' dir='ltr'><strong>Voyez</strong></span> <span class='ocrx_word' id='word_1_177' title='bbox 804 2986 961 3034; x_wconf 77' lang='lat' dir='ltr'><strong>supra</strong></span> <span class='ocrx_word' id='word_1_178' title='bbox 1000 2971 1049 3020; x_wconf 87' lang='lat' dir='ltr'><strong>la</strong></span> <span class='ocrx_word' id='word_1_179' title='bbox 1076 2978 1190 3023; x_wconf 83' lang='lat' dir='ltr'><strong>note</strong></span> <span class='ocrx_word' id='word_1_180' title='bbox 1220 2987 1305 3021; x_wconf 86' lang='lat' dir='ltr'><strong>sur</strong></span> <span class='ocrx_word' id='word_1_181' title='bbox 1335 2972 1382 3022; x_wconf 89' lang='lat' dir='ltr'><strong>le</strong></span> <span class='ocrx_word' id='word_1_182' title='bbox 1416 2986 1521 3022; x_wconf 86' lang='lat' dir='ltr'><strong>vers</strong></span> <span class='ocrx_word' id='word_1_183' title='bbox 1549 2975 1577 3025; x_wconf 78' lang='grc' dir='ltr'><strong>Δ</strong></span> <span class='ocrx_word' id='word_1_184' title='bbox 1619 2972 1681 3021; x_wconf 91' lang='lat' dir='ltr'><strong>de</strong></span> <span class='ocrx_word' id='word_1_185' title='bbox 1715 2972 1759 3022; x_wconf 88' lang='lat' dir='ltr'><strong>la</strong></span> <span class='ocrx_word' id='word_1_186' title='bbox 1799 2979 1966 3022; x_wconf 84' lang='lat' dir='ltr'><strong>stance</strong></span> <span class='ocrx_word' id='word_1_187' title='bbox 1995 2974 2073 3022; x_wconf 80' lang='lat'><strong>18.</strong></span> <span class='ocrx_word' id='word_1_188' title='bbox 2096 2998 2160 3010; x_wconf 92' lang='lat'>—</span> <span class='ocrx_word' id='word_1_189' title='bbox 2182 2971 2380 3032; x_wconf 85' lang='lat' dir='ltr'><strong>Quinti-</strong></span> 
     </span>
     <span class='ocr_line' id='line_1_28' title="bbox 436 3062 2383 3126; baseline 0.001 -15"><span class='ocrx_word' id='word_1_190' title='bbox 436 3063 534 3111; x_wconf 88' lang='lat' dir='ltr'><strong>lien</strong></span> <span class='ocrx_word' id='word_1_191' title='bbox 565 3063 678 3123; x_wconf 75' lang='lat' dir='ltr'><strong>fait,</strong></span> <span class='ocrx_word' id='word_1_192' title='bbox 706 3062 778 3112; x_wconf 91' lang='lat' dir='ltr'><strong>lui</strong></span> <span class='ocrx_word' id='word_1_193' title='bbox 813 3063 958 3122; x_wconf 85' lang='lat' dir='ltr'><strong>aussi,</strong></span> <span class='ocrx_word' id='word_1_194' title='bbox 987 3078 1086 3113; x_wconf 88' lang='lat' dir='ltr'><strong>une</strong></span> <span class='ocrx_word' id='word_1_195' title='bbox 1107 3063 1233 3113; x_wconf 89' lang='lat' dir='ltr'><strong>belle</strong></span> <span class='ocrx_word' id='word_1_196' title='bbox 1259 3070 1369 3126; x_wconf 82' lang='lat' dir='ltr'><strong>part</strong></span> <span class='ocrx_word' id='word_1_197' title='bbox 1391 3065 1417 3112; x_wconf 69' lang='lat' dir='ltr'><strong>a</strong></span> <span class='ocrx_word' id='word_1_198' title='bbox 1437 3063 1486 3112; x_wconf 84' lang='lat' dir='ltr'><strong>la</strong></span> <span class='ocrx_word' id='word_1_199' title='bbox 1507 3063 1845 3114; x_wconf 86' lang='lat' dir='ltr'><strong>Grammaire:</strong></span> <span class='ocrx_word' id='word_1_200' title='bbox 1879 3082 1900 3110; x_wconf 79' lang='grc' dir='ltr'>α</span> <span class='ocrx_word' id='word_1_201' title='bbox 1920 3065 2040 3124; x_wconf 84' lang='lat' dir='ltr'><strong>Quae</strong></span> <span class='ocrx_word' id='word_1_202' title='bbox 2062 3064 2154 3113; x_wconf 89' lang='lat' dir='ltr'><strong>nisi</strong></span> <span class='ocrx_word' id='word_1_203' title='bbox 2178 3064 2383 3114; x_wconf 87' lang='lat' dir='ltr'><strong>oratoris</strong></span> 
     </span>
     <span class='ocr_line' id='line_1_29' title="bbox 439 3156 2372 3223; baseline 0.001 -17"><span class='ocrx_word' id='word_1_204' title='bbox 439 3156 590 3206; x_wconf 82' lang='lat' dir='ltr'><strong>futuri</strong></span> <span class='ocrx_word' id='word_1_205' title='bbox 619 3157 936 3207; x_wconf 74' lang='lat' dir='ltr'><strong>fundamenta</strong></span> <span class='ocrx_word' id='word_1_206' title='bbox 963 3156 1171 3209; x_wconf 85' lang='lat' dir='ltr'><strong>fideliter</strong></span> <span class='ocrx_word' id='word_1_207' title='bbox 1186 3157 1362 3220; x_wconf 82' lang='lat' dir='ltr'><strong>jecerit</strong></span> <span class='ocrx_word' id='word_1_208' title='bbox 1384 3193 1398 3217; x_wconf 92' lang='lat'>‚</span> <span class='ocrx_word' id='word_1_209' title='bbox 1455 3159 1699 3222; x_wconf 88' lang='lat' dir='ltr'><strong>quidquid</strong></span> <span class='ocrx_word' id='word_1_210' title='bbox 1728 3158 2107 3223; x_wconf 81' lang='lat' dir='ltr'><strong>superstruxeris</strong></span> <span class='ocrx_word' id='word_1_211' title='bbox 2126 3165 2321 3208; x_wconf 85' lang='lat' dir='ltr'><strong>corruet</strong></span> <span class='ocrx_word' id='word_1_212' title='bbox 2353 3177 2372 3200; x_wconf 77' lang='grc' dir='ltr'><strong><em>ι</em></strong></span> 
     </span>
     <span class='ocr_line' id='line_1_30' title="bbox 441 3250 2388 3315; baseline -0.001 -16"><span class='ocrx_word' id='word_1_213' title='bbox 441 3250 688 3314; x_wconf 77' lang='lat' dir='ltr'><strong>(Institut.</strong></span> <span class='ocrx_word' id='word_1_214' title='bbox 717 3260 869 3311; x_wconf 68' lang='lat' dir='ltr'><strong>orat„</strong></span> <span class='ocrx_word' id='word_1_215' title='bbox 895 3250 979 3301; x_wconf 88' lang='lat' dir='ltr'><strong>lib.</strong></span> <span class='ocrx_word' id='word_1_216' title='bbox 1013 3254 1062 3309; x_wconf 90' lang='grc' dir='ltr'><strong>Ι,</strong></span> <span class='ocrx_word' id='word_1_217' title='bbox 1091 3266 1132 3300; x_wconf 85' lang='lat' dir='ltr'><strong>c.</strong></span> <span class='ocrx_word' id='word_1_218' title='bbox 1167 3253 1196 3303; x_wconf 78' lang='lat' dir='ltr'><strong>li</strong></span> <span class='ocrx_word' id='word_1_219' title='bbox 1215 3250 1250 3313; x_wconf 87' lang='grc'><strong>&gt;.</strong></span> <span class='ocrx_word' id='word_1_220' title='bbox 1282 3278 1346 3289; x_wconf 89' lang='grc'>-</span> <span class='ocrx_word' id='word_1_221' title='bbox 1375 3251 1734 3311; x_wconf 82' lang='lat' dir='ltr'><strong>Grammatica‚</strong></span> <span class='ocrx_word' id='word_1_222' title='bbox 1764 3251 1837 3300; x_wconf 88' lang='lat' dir='ltr'><strong>dit</strong></span> <span class='ocrx_word' id='word_1_223' title='bbox 1863 3251 2039 3301; x_wconf 78' lang='lat' dir='ltr'><strong>Alcuin</strong></span> <span class='ocrx_word' id='word_1_224' title='bbox 2067 3251 2173 3315; x_wconf 83' lang='lat' dir='ltr'><strong>(De</strong></span> <span class='ocrx_word' id='word_1_225' title='bbox 2208 3258 2388 3312; x_wconf 77' lang='lat' dir='ltr'><strong>septem</strong></span> 
     </span>
     <span class='ocr_line' id='line_1_31' title="bbox 444 3342 2389 3406; baseline 0 -16"><span class='ocrx_word' id='word_1_226' title='bbox 444 3342 666 3402; x_wconf 79' lang='lat' dir='ltr'><strong>artibus,</strong></span> <span class='ocrx_word' id='word_1_227' title='bbox 704 3342 990 3406; x_wconf 81' lang='lat' dir='ltr'><strong>praefatio),</strong></span> <span class='ocrx_word' id='word_1_228' title='bbox 1036 3344 1173 3406; x_wconf 79' lang='lat' dir='ltr'><strong>origo</strong></span> <span class='ocrx_word' id='word_1_229' title='bbox 1198 3350 1247 3392; x_wconf 86' lang='lat' dir='ltr'><strong>et</strong></span> <span class='ocrx_word' id='word_1_230' title='bbox 1275 3342 1652 3394; x_wconf 82' lang='lat' dir='ltr'><strong>fundamentum</strong></span> <span class='ocrx_word' id='word_1_231' title='bbox 1693 3344 1972 3393; x_wconf 84' lang='lat' dir='ltr'><strong>liberalium</strong></span> <span class='ocrx_word' id='word_1_232' title='bbox 2016 3343 2194 3392; x_wconf 86' lang='lat' dir='ltr'><strong>artium</strong></span> <span class='ocrx_word' id='word_1_233' title='bbox 2244 3358 2293 3390; x_wconf 70' lang='grc' dir='ltr'><strong>ι.</strong></span> <span class='ocrx_word' id='word_1_234' title='bbox 2326 3364 2389 3379; x_wconf 78' lang='lat'><strong>-·</strong></span> 
     </span>
     <span class='ocr_line' id='line_1_32' title="bbox 451 3434 2390 3499; baseline 0.001 -19"><span class='ocrx_word' id='word_1_235' title='bbox 451 3452 473 3480; x_wconf 79' lang='grc' dir='ltr'><strong>α</strong></span> <span class='ocrx_word' id='word_1_236' title='bbox 493 3435 567 3483; x_wconf 84' lang='lat' dir='ltr'><strong>La</strong></span> <span class='ocrx_word' id='word_1_237' title='bbox 589 3435 840 3497; x_wconf 79' lang='lat' dir='ltr'><strong>Gramauq</strong></span> <span class='ocrx_word' id='word_1_238' title='bbox 849 3450 910 3485; x_wconf 92' lang='lat' dir='ltr'><strong>ue</strong></span> <span class='ocrx_word' id='word_1_239' title='bbox 935 3443 1007 3486; x_wconf 83' lang='lat' dir='ltr'><strong>est</strong></span> <span class='ocrx_word' id='word_1_240' title='bbox 1031 3434 1314 3486; x_wconf 83' lang='lat' dir='ltr'><strong>fondement</strong></span> <span class='ocrx_word' id='word_1_241' title='bbox 1334 3443 1383 3485; x_wconf 88' lang='lat' dir='ltr'><strong>et</strong></span> <span class='ocrx_word' id='word_1_242' title='bbox 1406 3442 1545 3499; x_wconf 85' lang='lat' dir='ltr'><strong>porte</strong></span> <span class='ocrx_word' id='word_1_243' title='bbox 1567 3444 1617 3486; x_wconf 89' lang='lat' dir='ltr'><strong>et</strong></span> <span class='ocrx_word' id='word_1_244' title='bbox 1640 3439 1807 3485; x_wconf 88' lang='lat' dir='ltr'><strong>entree</strong></span> <span class='ocrx_word' id='word_1_245' title='bbox 1824 3434 1909 3485; x_wconf 86' lang='lat' dir='ltr'><strong>des</strong></span> <span class='ocrx_word' id='word_1_246' title='bbox 1926 3442 2092 3486; x_wconf 82' lang='lat' dir='ltr'><strong>autres</strong></span> <span class='ocrx_word' id='word_1_247' title='bbox 2113 3435 2326 3485; x_wconf 87' lang='lat' dir='ltr'><strong>sciences</strong></span> <span class='ocrx_word' id='word_1_248' title='bbox 2340 3450 2361 3480; x_wconf 69' lang='lat' dir='ltr'>a</span> <span class='ocrx_word' id='word_1_249' title='bbox 2376 3467 2390 3482; x_wconf 92' lang='lat'><strong>.</strong></span> 
     </span>
     <span class='ocr_line' id='line_1_33' title="bbox 444 3526 2395 3591; baseline 0.001 -17"><span class='ocrx_word' id='word_1_250' title='bbox 444 3527 676 3578; x_wconf 87' lang='lat' dir='ltr'><strong>Brunetto</strong></span> <span class='ocrx_word' id='word_1_251' title='bbox 698 3527 893 3588; x_wconf 86' lang='lat' dir='ltr'><strong>Latini,</strong></span> <span class='ocrx_word' id='word_1_252' title='bbox 928 3527 986 3576; x_wconf 81' lang='lat' dir='ltr'><strong>Li</strong></span> <span class='ocrx_word' id='word_1_253' title='bbox 1029 3528 1235 3577; x_wconf 72' lang='lat' dir='ltr'><strong>Tresors</strong></span> <span class='ocrx_word' id='word_1_254' title='bbox 1249 3562 1267 3587; x_wconf 88' lang='lat'><em>,</em></span> <span class='ocrx_word' id='word_1_255' title='bbox 1297 3526 1378 3578; x_wconf 85' lang='lat' dir='ltr'><strong>liv.</strong></span> <span class='ocrx_word' id='word_1_256' title='bbox 1411 3529 1464 3589; x_wconf 90' lang='grc' dir='ltr'><strong>Ι,</strong></span> <span class='ocrx_word' id='word_1_257' title='bbox 1508 3535 1635 3591; x_wconf 80' lang='lat' dir='ltr'><strong>part.</strong></span> <span class='ocrx_word' id='word_1_258' title='bbox 1666 3531 1723 3587; x_wconf 89' lang='grc' dir='ltr'><strong>Ι,</strong></span> <span class='ocrx_word' id='word_1_259' title='bbox 1777 3529 1855 3580; x_wconf 90' lang='lat' dir='ltr'><strong>ch.</strong></span> <span class='ocrx_word' id='word_1_260' title='bbox 1902 3544 1951 3577; x_wconf 76' lang='grc' dir='ltr'><strong>ιν</strong></span> <span class='ocrx_word' id='word_1_261' title='bbox 1969 3563 1983 3588; x_wconf 87' lang='grc'>,</span> <span class='ocrx_word' id='word_1_262' title='bbox 2016 3527 2136 3578; x_wconf 83' lang='lat' dir='ltr'><strong>edit.</strong></span> <span class='ocrx_word' id='word_1_263' title='bbox 2173 3530 2227 3579; x_wconf 87' lang='lat' dir='ltr'><strong>P.</strong></span> <span class='ocrx_word' id='word_1_264' title='bbox 2266 3526 2395 3575; x_wconf 82' lang='lat' dir='ltr'><strong>Cha-</strong></span> 
     </span>
     <span class='ocr_line' id='line_1_34' title="bbox 445 3618 786 3683; baseline 0.012 -16"><span class='ocrx_word' id='word_1_265' title='bbox 445 3618 591 3669; x_wconf 81' lang='lat' dir='ltr'><strong>baille</strong></span> <span class='ocrx_word' id='word_1_266' title='bbox 607 3653 623 3679; x_wconf 89' lang='lat'>‚</span> <span class='ocrx_word' id='word_1_267' title='bbox 653 3634 706 3683; x_wconf 88' lang='lat' dir='ltr'><strong>p.</strong></span> <span class='ocrx_word' id='word_1_268' title='bbox 738 3623 786 3671; x_wconf 87' lang='lat'><strong>8.</strong></span> 
     </span>
    </p>

    <p class='ocr_par' dir='ltr' id='par_1_13' title="bbox 449 3710 2397 3969">
     <span class='ocr_line' id='line_1_35' title="bbox 514 3710 2395 3775; baseline 0 -15"><span class='ocrx_word' id='word_1_269' title='bbox 514 3710 587 3774; x_wconf 83' lang='lat'><strong>(2)</strong></span> <span class='ocrx_word' id='word_1_270' title='bbox 622 3713 755 3761; x_wconf 86' lang='lat' dir='ltr'><strong>Pour</strong></span> <span class='ocrx_word' id='word_1_271' title='bbox 789 3717 913 3761; x_wconf 82' lang='lat' dir='ltr'><strong>cette</strong></span> <span class='ocrx_word' id='word_1_272' title='bbox 960 3712 1195 3762; x_wconf 85' lang='lat' dir='ltr'><strong>affluence</strong></span> <span class='ocrx_word' id='word_1_273' title='bbox 1238 3711 1322 3761; x_wconf 88' lang='lat' dir='ltr'><strong>des</strong></span> <span class='ocrx_word' id='word_1_274' title='bbox 1361 3712 1520 3763; x_wconf 80' lang='lat' dir='ltr'><strong>eleves</strong></span> <span class='ocrx_word' id='word_1_275' title='bbox 1542 3712 1630 3773; x_wconf 86' lang='lat' dir='ltr'><strong>qui</strong></span> <span class='ocrx_word' id='word_1_276' title='bbox 1672 3713 2002 3773; x_wconf 87' lang='lat' dir='ltr'><strong>accouraient,</strong></span> <span class='ocrx_word' id='word_1_277' title='bbox 2043 3727 2141 3762; x_wconf 85' lang='lat' dir='ltr'><strong>aux</strong></span> <span class='ocrx_word' id='word_1_278' title='bbox 2186 3711 2395 3775; x_wconf 81' lang='lat' dir='ltr'><strong>grandes</strong></span> 
     </span>
     <span class='ocr_line' id='line_1_36' title="bbox 451 3792 2397 3871; baseline 0.001 -20"><span class='ocrx_word' id='word_1_279' title='bbox 451 3792 618 3853; x_wconf 73' lang='lat' dir='ltr'><strong>Ecoles</strong></span> <span class='ocrx_word' id='word_1_280' title='bbox 637 3803 706 3854; x_wconf 90' lang='lat' dir='ltr'><strong>du</strong></span> <span class='ocrx_word' id='word_1_281' title='bbox 725 3810 905 3868; x_wconf 85' lang='lat' dir='ltr'><strong>temps,</strong></span> <span class='ocrx_word' id='word_1_282' title='bbox 957 3803 1020 3854; x_wconf 90' lang='lat' dir='ltr'><strong>de</strong></span> <span class='ocrx_word' id='word_1_283' title='bbox 1042 3811 1202 3855; x_wconf 81' lang='lat' dir='ltr'><strong>toules</strong></span> <span class='ocrx_word' id='word_1_284' title='bbox 1223 3804 1294 3854; x_wconf 89' lang='lat' dir='ltr'><strong>les</strong></span> <span class='ocrx_word' id='word_1_285' title='bbox 1318 3804 1510 3868; x_wconf 82' lang='lat' dir='ltr'><strong>regions</strong></span> <span class='ocrx_word' id='word_1_286' title='bbox 1543 3804 1607 3855; x_wconf 86' lang='lat' dir='ltr'><strong>de</strong></span> <span class='ocrx_word' id='word_1_287' title='bbox 1629 3805 1858 3869; x_wconf 89' lang='lat' dir='ltr'><strong>l’Europe</strong></span> <span class='ocrx_word' id='word_1_288' title='bbox 1872 3841 1885 3866; x_wconf 90' lang='lat'>‚</span> <span class='ocrx_word' id='word_1_289' title='bbox 1917 3819 2062 3869; x_wconf 85' lang='lat' dir='ltr'><strong>voyez</strong></span> <span class='ocrx_word' id='word_1_290' title='bbox 2086 3820 2164 3854; x_wconf 85' lang='lat' dir='ltr'><strong>ma</strong></span> <span class='ocrx_word' id='word_1_291' title='bbox 2188 3804 2397 3871; x_wconf 73' lang='lat' dir='ltr'><strong>Bioqra-</strong></span> 
     </span>
     <span class='ocr_line' id='line_1_37' title="bbox 449 3895 1782 3969; baseline 0.008 -28"><span class='ocrx_word' id='word_1_292' title='bbox 449 3895 558 3969; x_wconf 80' lang='lat' dir='ltr'><strong>phie</strong></span> <span class='ocrx_word' id='word_1_293' title='bbox 580 3896 638 3944; x_wconf 79' lang='lat' dir='ltr'><strong>de</strong></span> <span class='ocrx_word' id='word_1_294' title='bbox 664 3895 918 3963; x_wconf 73' lang='lat' dir='ltr'><strong>Lanfrano</strong></span> <span class='ocrx_word' id='word_1_295' title='bbox 931 3934 949 3958; x_wconf 92' lang='lat'><em>,</em></span> <span class='ocrx_word' id='word_1_296' title='bbox 971 3896 1086 3948; x_wconf 60' lang='lat' dir='ltr'><strong>edin</strong></span> <span class='ocrx_word' id='word_1_297' title='bbox 1114 3897 1249 3949; x_wconf 85' lang='lat' dir='ltr'><strong>in·8⁰</strong></span> <span class='ocrx_word' id='word_1_298' title='bbox 1271 3931 1286 3958; x_wconf 89' lang='lat'><strong>,</strong></span> <span class='ocrx_word' id='word_1_299' title='bbox 1315 3901 1387 3947; x_wconf 65' lang='grc' dir='ltr'><strong>1’ε</strong></span> <span class='ocrx_word' id='word_1_300' title='bbox 1412 3897 1591 3961; x_wconf 82' lang='lat' dir='ltr'><strong>partie,</strong></span> <span class='ocrx_word' id='word_1_301' title='bbox 1624 3912 1673 3963; x_wconf 87' lang='lat' dir='ltr'><strong>p.</strong></span> <span class='ocrx_word' id='word_1_302' title='bbox 1703 3901 1782 3953; x_wconf 68' lang='lat'><strong>17,</strong></span> 
     </span>
    </p>
   </div>
  </div>
 </body>
</html>
