3166 4952
1208 446 1533 509 ...51-

386 606 495 666 84.
523 636 607 653 —
635 605 731 667 Ah
766 605 872 679 ,his
922 606 1129 669 latens
1182 607 1433 688 penitus
1489 608 1800 689 promitur
1853 614 1964 673 nat

636 711 799 771 Dum
870 710 1178 774 rimantur
1242 711 1488 793 singula
1557 713 1855 793 vigilante
1928 656 2040 1001 c}

635 814 815 878 Unde
865 815 1061 877 Phebi
1117 816 1368 893 radiuS,
1425 816 1640 880 Phebe
1687 817 1767 882 sit
1811 818 1962 881 obse
2053 790 2164 834 ura

636 919 817 984 Unde
862 938 1035 983 mare
1084 926 1364 999 tumeat,
1414 928 1644 986 tremat
1681 922 1870 986 tellus
1920 922 1966 985 d

392 1109 490 1169 85.
532 1140 609 1153 —
636 1108 845 1171 Medio
896 1110 1255 1173 matheseos
1308 1112 1393 1193 (1)
1432 1112 1663 1173 fluvius
1704 1130 1827 1193 vag

640 1212 830 1293 Cujus
878 1232 1043 1294 aqua
1091 1216 1314 1278 ceteris
1362 1234 1513 1297 sepe
1560 1216 1690 1279 soci
1731 1262 1746 1279 .
1797 1262 1812 1279 .

637 1316 752 1389 Qui
777 1317 929 1379 dum
947 1336 1063 1397 per
1082 1318 1439 1381 meandrios
1467 1319 1644 1381 lusus
1664 1318 1824 1399 spati
1863 1159 1890 1502 ζ
1915 1276 2057 1334 atur

638 1421 1011 1502 Figurarum
1089 1422 1354 1484 flexibus
1426 1423 1597 1486 mille
1663 1422 1828 1505 figur

639 1714 807 1786 Quas
836 1715 1061 1797 vulgus
1108 1715 1506 1796 quadrivium
1552 1715 1835 1777 nominat
1881 1715 1971 1776 lat

639 1820 884 1883 Nomen
938 1821 1059 1883 hoc
1116 1822 1329 1883 sortite
1382 1827 1527 1883 sunt
1582 1821 1697 1883 iste
1753 1820 1972 1900 discipl
2059 1792 2162 1837 me

396 1612 491 1672 86.
532 1642 609 1654 -
638 1609 841 1689 Hujus
862 1628 1113 1692 quoque
1135 1611 1408 1672 fluminis
1428 1616 1640 1690 partes
1659 1615 1806 1672 sunt
1819 1609 1914 1671 bis
1930 1609 1970 1671 b

639 1929 777 1992 Uno
831 1928 916 2008 (2)
968 1930 1136 2009 quod
1193 1930 1371 1993 initio
1426 1936 1658 1993 coeunt
1704 1936 1765 1993 et
1819 1930 1849 1991 f
1888 1976 1902 1991 .
1946 1975 1959 1989 .
2011 1626 2038 1969 ζ

647 2220 813 2282 Inter
842 2237 1001 2299 quos
1030 2219 1076 2281 it
1105 2238 1506 2282 murmurans
1532 2221 1750 2301 lapsus
1777 2222 1975 2282 fluent

639 2327 722 2390 Ut
747 2342 868 2387 nec
905 2343 1103 2405 queas
1150 2326 1371 2389 tollere
1412 2327 1671 2409 plenum
1700 2345 1810 2389 vas
1846 2327 1974 2406 liqu

398 2118 501 2179 87.
540 2151 615 2162 —
646 2117 736 2177 Ex
763 2116 861 2177 his
890 2118 1128 2197 primus
1157 2118 1371 2179 alveus
1400 2118 1486 2200 (3)
1520 2119 1744 2199 plenus
1773 2118 1974 2183 calcul

2015 2150 2041 2494 ζ
2065 2292 2245 2337 orum

642 2430 772 2494 Nisi
819 2430 1002 2493 simul
1057 2431 1312 2495 haurias
1376 2432 1622 2513 aliquos
1675 2449 1709 2495 e
1759 2478 1770 2494 .
1825 2476 1838 2494 .
1885 2476 1898 2494 .
1949 2476 1964 2494 .

401 2621 505 2684 88.
541 2654 617 2666 —
652 2621 1017 2683 Assessores
1062 2621 1267 2682 varios
1322 2620 1514 2684 hahet
1567 2621 1737 2682 rivus
1788 2663 2070 2681 .....
2170 2670 2182 2685 .

647 2723 805 2784 Nam
837 2721 1128 2785 ludentes
1173 2723 1425 2784 calculis
1459 2729 1680 2785 assunt
1707 2723 1792 2803 (4)
1824 2730 2076 2803 compet
2167 2675 2282 2732 ¹⁵oe

476 3019 547 3086 (1)
585 3021 659 3070 En
684 3033 886 3084 merge:
933 3018 1009 3066 De
1043 3018 1403 3068 mathematica.

477 3110 549 3174 (2)
584 3113 655 3161 Le
678 3109 991 3176 quadrivium
1024 3114 1098 3159 est
1132 3121 1202 3158 un
1224 3107 1474 3160 carrefour
1495 3109 1560 3158 οὺ
1587 3113 1765 3170 quatre
1806 3105 2026 3158 ehemius
2058 3105 2358 3157 aboatissent

410 3208 458 3252 et
514 3202 631 3254 ᾱόὺ
692 3217 758 3253 on
814 3208 934 3265 peut
988 3199 1092 3251 dire
1143 3200 1275 3251 aussi
1336 3199 1485 3262 qu’ils
1533 3207 1726 3264 partem
1767 3215 1782 3249 ε
1835 3215 1932 3248 uno
1991 3198 2137 3248 initio
2186 3208 2355 3248 coeunt

410 3304 458 3344 et
484 3295 598 3359 fine.

480 3388 553 3453 (3)
589 3389 665 3439 En
706 3399 915 3450 merget
957 3387 1029 3435 De
1066 3386 1375 3440 Arismetica.
1424 3413 1470 3426 -
1513 3387 1585 3437 Ge
1615 3392 1720 3436 mot
1761 3391 1834 3437 est
1887 3383 2362 3447 ua-steqnemment

413 3479 756 3544 orthographie
788 3477 851 3529 de
885 3485 1015 3529 cette
1048 3478 1298 3540 maniere3
1333 3479 1380 3529 la
1418 3478 1790 3544 pronunciatiou
1824 3477 2040 3542 anglaise
2079 3476 2147 3527 du
2187 3478 2237 3526 th
2275 3476 2361 3539 n'y

414 3571 671 3625 serait—elle
691 3584 781 3636 pas
800 3585 927 3636 pour
959 3571 1177 3635 quelque
1204 3572 1388 3624 chose?

483 3666 553 3732 (Δ)
590 3664 888 3728 Campum,
932 3672 1211 3728 compotus,
1252 3671 1483 3730 compoeg
1521 3664 1638 3715 d’ou
1678 3664 1999 3727 computista,
2047 3679 2070 3710 ε
2094 3661 2192 3722 Qui
2221 3659 2366 3712 docet

416 3763 701 3822 compotum
723 3789 739 3817 ‚
785 3753 859 3808 vel
901 3754 991 3817 qui
1044 3761 1186 3806 vacat
1244 3762 1489 3821 compoto.
1530 3773 1553 3802 ι
1605 3755 1874 3817 Βαοειιςε,
1923 3759 1961 3803 t.
2011 3751 2088 3811 11,
2137 3763 2188 3814 p.
2239 3753 2360 3811 505.

419 3849 512 3901 eol.
551 3852 603 3900 8.
