3166 4952
1632 370 1952 435 -M-

820 520 919 582 63.
951 552 1027 569 —
1060 522 1219 587 Nam
1284 527 1335 587 si
1386 546 1501 608 pro
1558 532 1836 593 reatibus
1887 531 2076 593 variis
2139 550 2240 595 err
2279 556 2294 583 κ

1070 631 1320 693 Poterat
1372 633 1638 695 realium
1703 656 1934 699 nomen
2006 639 2126 700 dici
2202 642 2236 700 li

1062 734 1297 796 Tamen
1365 739 1738 801 excusabilis
1807 758 1983 804 error
2041 749 2136 805 est
2205 761 2239 804 e
2329 714 2510 758 orum

1064 838 1253 901 Menti
1283 842 1710 906 contradicere
1760 864 1899 907 mos
1927 853 2020 909 est
2059 848 2238 909 insan

827 996 921 1057 6⁴.
959 1027 1039 1043 —
1066 998 1225 1061 Nam
1254 1017 1375 1079 que
1406 1020 1582 1065 mens
1623 1005 1722 1067 vel
1759 1006 1987 1085 cogitet
2017 1026 2248 1070 nomen
2281 1026 2419 1069 esse
2450 1028 2491 1087 g
2530 1020 2542 1040 ““

1070 1102 1251 1165 Solus
1296 1103 1417 1166 hoc
1466 1107 1798 1172 crediderit
1855 1110 2084 1173 mentis
2140 1111 2221 1171 ali
2272 1157 2286 1170 .
2339 1156 2351 1170 .
2399 1156 2413 1171 .
2473 1156 2486 1169 .

1070 1207 1220 1267 Cum
1252 1208 1331 1270 sit
1373 1215 1463 1272 tot
1493 1211 1830 1291 generibus
1874 1232 2088 1275 rerum
2125 1213 2400 1275 mundus
2429 1213 2492 1293 pl
2532 1057 2726 1332 (enus

1068 1311 1257 1391 Cujus
1311 1332 1512 1391 genus
1569 1334 1804 1379 nomen
1852 1324 1948 1380 est
1993 1337 2245 1399 semper
2291 1318 2369 1380 sit
2417 1336 2496 1394 eg
2537 1347 2552 1381 s

829 1473 929 1535 65.
962 1504 1041 1519 —-
1070 1474 1359 1537 Ceterum
1388 1478 1654 1540 realium
1685 1487 1829 1543 sunt
1858 1499 2048 1561 quam
2080 1481 2291 1562 plures
2322 1500 2351 1542 s

1073 1578 1241 1649 Quas
1316 1580 1516 1643 reales
1572 1581 1803 1645 dixeris
1859 1603 1894 1644 a
1949 1591 2127 1646 reatu
2189 1605 2221 1645 r
2267 1631 2280 1643 .
2334 1630 2346 1644 .

1073 1682 1226 1753 Quia
1285 1684 1413 1745 veri
1484 1686 1799 1748 tramitem
1861 1707 1986 1750 non
2053 1696 2204 1751 eunt
2257 1688 2354 1749 dir
2393 1538 2577 1781 geete

1076 1788 1201 1847 Nec
1276 1788 1510 1849 tluenta
1588 1788 1797 1865 gracie
1857 1790 2149 1851 hauriunt
2219 1790 2362 1871 perf
2397 1786 2416 1855 ,ἰ

838 1944 933 2005 66.
972 1976 1049 1990 -
1080 1945 1167 2005 Ex
1186 1944 1281 2005 his
1296 1943 1548 2025 quidam
1571 1951 1926 2026 temperant
1950 1947 2121 2008 Porri
2149 1947 2230 2027 (1)
2253 1947 2500 2010 condim

1079 2047 1354 2119 Quorum
1402 2066 1606 2125 genus
1649 2048 1926 2112 ereditur
1975 2051 2223 2129 generis
2255 2049 2324 2130 (9.)
2359 2057 2500 2111 cont
2555 1954 2576 2120 ξ
2618 2004 2758 2059 enta

840 2258 962 2318 tele,
1008 2258 1211 2309 Platone
1244 2267 1295 2310 et
1320 2260 1515 2311 Plotino
1542 2261 1779 2325 perlectis.
1836 2262 2027 2320 Valeat,
2063 2260 2358 2325 ajoute-t·il‚
2390 2259 2690 2324 quicumque
2713 2272 2790 2307 me

837 2352 891 2403 ln
920 2352 1140 2415 aliquam
1162 2350 1472 2415 disciplinam
1500 2352 1718 2416 disponit
1743 2352 2054 2403 introducere
2076 2351 2368 2415 compendio
2391 2352 2508 2401 tatii
2546 2369 2567 2398 a

907 2444 979 2510 (1)
1016 2446 1090 2495 En
1132 2458 1331 2508 marge:
1371 2446 1444 2495 De
1477 2445 1778 2508 porr-clanis.
1807 2471 1870 2481 —
1897 2446 2110 2503 Porrus,
2155 2444 2340 2495 Gilbert
2377 2442 2440 2492 de
2483 2442 2529 2492 la
2583 2443 2784 2499 ponec,

837 2537 972 2587 cleve
998 2537 1059 2586 de
1082 2537 1300 2586 Bernard
1337 2537 1398 2588 de
1428 2538 1658 2588 Chai-tres
1679 2572 1693 2596 ‚
1725 2537 1938 2601 professa
1965 2537 2010 2586 la
2048 2537 2352 2600 philosophie
2382 2549 2497 2585 avec
2533 2550 2602 2584 un
2634 2534 2791 2598 grand

840 2629 1007 2678 succes
1042 2627 1242 2679 d'abord
1274 2631 1300 2679 a
1346 2629 1601 2687 Chartres,
1635 2629 1747 2693 puis
1779 2632 1805 2680 a
1846 2630 1997 2679 Paris.
2043 2630 2141 2678 Son
2185 2627 2407 2677 realisme
2447 2627 2635 2677 tendait
2673 2630 2702 2678 a
2742 2641 2793 2676 se

840 2720 1135 2784 rapprocher
1168 2718 1254 2770 des
1288 2721 1529 2771 doctrines
1570 2720 1865 2779 d'Aristote‚
1904 2720 2064 2769 landis
2108 2733 2206 2782 que
2239 2719 2365 2769 celui
2401 2718 2462 2769 de
2491 2733 2579 2768 son
2620 2721 2796 2768 mattre

842 2813 1196 2877 reprodulsait‚
1244 2813 1373 2863 aussi
1414 2812 1690 2863 fidelement
1733 2811 1855 2874 qu'il
1884 2812 1931 2861 le
1965 2813 2193 2876 pouvait,
2226 2811 2295 2861 les
2333 2811 2461 2861 idees
2499 2810 2561 2860 de
2586 2811 2790 2870 Platon,

844 2905 965 2965 qu’il
984 2906 1191 2968 essayait
1212 2905 1441 2956 toutefois
1457 2906 1519 2956 de
1535 2905 1766 2955 conciliet
1782 2919 1899 2954 avec
1918 2904 1962 2953 le
1977 2904 2238 2967 Stagyrite.
2264 2921 2287 2949 ι
2310 2905 2525 2966 Egeruut
2544 2903 2798 2966 operosius

845 2996 1120 3046 Bet-nardus
1149 2997 1458 3047 carnotensis
1493 3004 1540 3047 et
1578 2996 1686 3061 ejus
1711 3003 1996 3056 sectatores,
2031 3003 2088 3046 ut
2112 3002 2462 3060 componerent
2495 2995 2626 3045 inter
2662 2996 2800 3046 Aris-

846 3088 1045 3139 totelem
1077 3097 1124 3139 et
1162 3087 1446 3146 Platonem3
1494 3088 1577 3138 sed
1616 3103 1698 3140 eos
1734 3091 1871 3140 tarde
1912 3090 2097 3139 venisse
2134 3091 2346 3140 arbitror
2386 3097 2434 3138 et
2467 3089 2712 3139 laborasse
2746 3090 2795 3138 in

844 3195 1027 3231 vanum
1066 3188 1120 3231 ut
1155 3180 1521 3231 reconciliarent
1545 3189 1766 3231 mortuos
1802 3181 1917 3243 qui,
1948 3182 2170 3243 quandin
2199 3183 2248 3231 in
2279 3181 2378 3231 vita
2419 3179 2572 3238 licuit,
2608 3180 2798 3230 dissen-

845 3279 1028 3323 serunt.
1056 3290 1077 3319 a
1107 3275 1227 3322 Jean
1264 3272 1325 3322 de
1356 3273 1624 3336 Salisbury,
1658 3273 1992 3337 Metaloyicus,
2020 3273 2102 3322 lib.
2137 3274 2201 3330 ΙΙ,
2229 3288 2271 3322 c.
2302 3275 2381 3322 17.
2420 3272 2493 3321 cf.
2530 3273 2792 3331 Haureau,

846 3366 919 3414 De
950 3366 998 3412 la
1023 3364 1321 3428 philosophie
1348 3366 1635 3430 scolastique
1655 3402 1670 3422 ,
1700 3373 1734 3415 t.
1766 3367 1820 3424 1,
1857 3381 1906 3429 p.
1943 3368 2037 3418 294
2062 3372 2111 3415 et
2136 3364 2256 3414 suiv.
2275 3391 2338 3400 —
2355 3364 2422 3413 Ce
2445 3363 2630 3414 Gilbert
2659 3363 2720 3412 de
2750 3364 2794 3412 la

846 3459 1024 3508 Porree
1051 3456 1165 3506 n'est
1184 3492 1197 3516 ,
1228 3469 1292 3505 au
1324 3456 1429 3506 dire
1463 3457 1525 3506 de
1555 3460 1623 3507 M.
1668 3457 1924 3507 Rousselot
1953 3444 2164 3522 (Etudes
2191 3471 2282 3505 sur
2322 3458 2372 3504 la
2397 3457 2696 3520 philosophie
2731 3472 2796 3506 au

846 3550 1165 3614 moyen-aye,
1194 3554 1229 3598 t.
1258 3548 1306 3607 1,
1341 3561 1389 3612 p.
1422 3551 1518 3599 287
1536 3549 1549 3610 )
1570 3584 1585 3608 ‚
1620 3549 1774 3611 qu’un
1802 3563 1988 3612 pauvre
2015 3548 2226 3600 ecrivain
2252 3549 2336 3611 qui
2365 3562 2428 3597 ne
2449 3548 2621 3598 merite
2647 3550 2798 3610 gnere

847 3642 911 3692 de
945 3641 1065 3690 lixer
1099 3639 1369 3690 l'attention
1413 3638 1499 3689 des
1531 3640 1855 3702 philosophes.
1889 3642 1956 3692 M.
1992 3643 2219 3691 Haureau
2260 3641 2282 3704 (
2305 3641 2376 3689 De
2411 3641 2462 3688 la
2499 3640 2799 3703 philosophie

847 3732 1169 3798 scola-vtique,
1203 3738 1237 3782 t.
1283 3733 1334 3792 1,
1365 3745 1417 3795 p.
1445 3733 1568 3794 313)
1601 3745 1664 3782 ne
1701 3731 1861 3782 craint
1896 3746 1982 3797 pas
2002 3769 2016 3792 ,
2057 3747 2121 3782 au
2159 3733 2431 3790 contraire,
2463 3733 2526 3782 de
2562 3731 2609 3780 le
2636 3731 2799 3794 placer

852 3838 916 3874 au
945 3824 1157 3888 premier
1186 3837 1309 3888 rung
1339 3824 1498 3889 parmi
1534 3824 1605 3874 les
1639 3823 1865 3876 docteurs
1891 3826 1955 3875 du
1987 3826 2102 3876 ΧΠ·
2147 3824 2307 3876 siecle.

923 3917 987 3980 (2)
1026 3916 1093 3967 Ce
1120 3930 1225 3966 vers
1257 3924 1326 3967 est
1363 3918 1689 3968 evidemmeut
1716 3918 1882 3968 altere.
1910 3921 1977 3968 Μ.
2005 3917 2219 3981 Leopold
2252 3917 2496 3968 Delislele
2518 3917 2575 3966 lit
2607 3929 2799 3965 comme
