3166 4952
1205 450 1286 468 ...
1328 420 1406 483 τι
1447 449 1531 468 ..-

390 559 614 621 200.-
631 557 711 617 At
759 572 794 616 e
849 559 1066 618 eontra
1097 553 1350 636 spiritus
1397 572 1591 618 amor·
1618 561 1713 618 est
1758 556 1906 619 amb
2208 609 2212 614 .

633 661 764 720 Hoc
811 663 1077 739 uterque
1121 657 1322 739 diligit
1371 657 1639 722 alterum
1686 658 1774 721 du
1814 705 1830 722 .
1881 703 1921 722 ‚.
1954 603 2185 930 lorum

637 764 929 825 Attamen
978 779 1092 842 per
1136 761 1421 842 spiritum
1468 768 1693 826 neuter
1740 769 1838 826 est
1874 781 1911 826 e

633 866 928 939 Quamvis
947 873 1042 931 est
1062 867 1333 930 essentia
1356 867 1524 948 quod
1545 874 1643 931 est
1670 887 1849 932 amor
1871 870 1913 931 h

639 1157 924 1239 cogitare
959 1155 1286 1218 modulum
1322 1174 1537 1220 meum
1566 1174 1709 1218 sum
1738 1175 1813 1220 eo

638 1261 715 1323 Et
771 1259 853 1322 ad
906 1259 1250 1323 mediocria
1304 1260 1509 1323 studia
1564 1260 1680 1324 red
1714 1304 1737 1330 .
1788 1309 1803 1324 .

397 1052 748 1115 som-His
791 1050 1256 1115 difficultalibus
1308 1053 1571 1134 aliisque
1625 1054 1682 1116 fr
1721 1101 1735 1117 .
1787 1101 1803 1117 .

1857 1082 2083 1410 }aetus

636 1367 728 1429 Ne
774 1365 1020 1430 divinus
1061 1364 1329 1429 bestiam
1369 1366 1681 1448 lapidaret
1724 1374 1751 1430 t
1788 1415 1802 1430 .

637 1657 756 1724 Ubi
801 1663 1015 1738 posset
1058 1656 1296 1737 aliquid
1342 1657 1736 1738 apprehendi
1782 1676 1816 1720 e

639 1763 934 1835 Quamvis
953 1769 1017 1826 et
1036 1762 1139 1825 hie
1158 1762 1371 1843 sepius
1399 1770 1611 1827 errent
1627 1764 1818 1845 inexp

394 1552 735 1616 202-Ad
779 1553 1060 1615 humana
1104 1552 1313 1632 potius
1357 1553 1608 1615 interim
1647 1571 1751 1618 me
1778 1573 1819 1616 v
1856 1642 1865 1648 ·

1863 1592 1945 1920 ξε
2006 1735 2025 1776 ,

640 1866 703 1930 Si
759 1884 886 1927 non
942 1865 1060 1928 sihi
1116 1871 1382 1928 caveant
1435 1864 1644 1929 studio
1701 1865 1818 1928 soll

397 2055 752 2122 swa—Hic
795 2055 1073 2117 humane
1130 2052 1316 2116 didici
1372 2054 1690 2117 constituti
1732 2097 1749 2118 .
1801 2101 1817 2116 .
1867 2101 1883 2117 .
1941 2100 1956 2117 .

637 2159 895 2225 Modum
917 2204 934 2236 ,
984 2159 1234 2240 lapsum
1253 2205 1269 2235 ,
1319 2159 1588 2236 gratiam
1628 2161 1961 2223 restaurati
2142 2218 2155 2231 ,

549 2277 554 2282 ’
638 2266 874 2340 Quibus
897 2266 1088 2329 homo
1115 2266 1318 2329 faetus
1337 2271 1431 2328 est
1449 2264 1529 2326 ad
1553 2266 1892 2329 fruendum
1920 2265 1964 2327 b
2010 2069 2193 2398 xmus

637 2374 736 2437 Uti
780 2373 1008 2453 quibus
1063 2372 1311 2435 interim
1355 2378 1569 2453 posset
1620 2373 1733 2436 Dei
1787 2372 1832 2434 d
1881 2418 1896 2435 .
1946 2417 1961 2434 .

398 2591 624 2651 204.-
641 2584 768 2649 Sed
793 2584 876 2647 ob
922 2584 1172 2666 eulpam
1222 2583 1480 2664 perditis
1507 2584 1692 2647 bonis
1719 2583 1927 2648 Parad

643 2687 986 2751 invidentis
1028 2686 1358 2749 fraudibus
1405 2687 1602 2751 hostis
1643 2693 1707 2750 et
1751 2687 1857 2750 inv
1896 2733 1912 2750 .
2018 2741 2032 2755 .
2072 2741 2085 2755 .

645 2795 908 2874 Semper
958 2792 1104 2854 exul
1153 2791 1355 2873 patria
1410 2791 1756 2866 caruisset,
1816 2809 1857 2851 n
1906 2835 1920 2852 .
1968 2640 2088 2964 }¹⁸¹

644 2896 922 2961 Misereri
978 2895 1192 2959 Deitas
1244 2895 1435 2958 vellet
1508 2896 1598 2958 sie
1664 2894 1722 2957 el
1766 2939 1781 2957 .
1840 2938 1854 2954 .
1899 2939 1914 2955 .

403 3208 449 3259 la
489 3206 652 3259 raison
689 3212 738 3257 et
777 3203 840 3255 de
883 3202 932 3255 la
967 3203 1034 3254 foi
1061 3208 1138 3254 est
1177 3202 1291 3253 bien
1317 3205 1566 3255 constatee
1587 3215 1766 3254 encore
1788 3216 1857 3254 un
1881 3215 1980 3268 peu
2005 3201 2118 3267 plus
2140 3200 2261 3264 loin,
2290 3215 2353 3253 au

403 3300 520 3353 folio
542 3301 606 3351 18
628 3310 769 3350 verso
790 3296 854 3349 de
878 3302 1021 3346 notre
1044 3309 1158 3356 ms„
1190 3298 1221 3347 a
1240 3308 1420 3359 propos
1444 3293 1514 3346 du
1545 3296 1758 3359 mystere
1782 3293 1845 3345 de
1871 3292 2247 3353 l’nucharisfieg

854 3436 1036 3481 Sacrum
1064 3447 1233 3493 penem
1257 3433 1502 3492 frangimus
1522 3446 1624 3478 vern
1644 3432 1877 3478 tructione.

853 3637 1041 3683 Credere
1072 3636 1335 3696 simpliciter
1369 3636 1475 3682 ulia
1506 3644 1600 3683 ten.
1640 3668 1659 3687 .
1689 3664 1707 3683 0
1744 3665 1761 3684 0
1796 3667 1812 3684 .
1856 3668 1873 3687 .

851 3550 974 3607 Quid
1009 3550 1083 3594 hie
1114 3564 1260 3595 rursu·
1293 3548 1499 3594 ordinem
1529 3548 1780 3595 naturalem
1812 3564 1875 3609 qu

853 3725 994 3771 Anxie
1015 3724 1233 3770 discutere
1257 3720 1353 3769 noli
1383 3738 1473 3783 que
1503 3724 1604 3770 doc.
1645 3755 1661 3775 .
1696 3754 1709 3770 .
1750 3755 1765 3771 .
1804 3758 1821 3777 .
1856 3753 1875 3774 .
1907 3580 1932 3877 ζ
1965 3694 2049 3724 em

857 3813 998 3861 Crede
1015 3814 1092 3873 pie
1112 3814 1261 3873 potius
1293 3820 1338 3859 et
1359 3814 1558 3867 edoctus.
1596 3847 1612 3864 .
1648 3846 1665 3865 .
1697 3841 1714 3863 0
1749 3841 1766 3861 ο
1801 3840 1818 3860 0
