3166 4952
1548 383 1868 448 -η-

739 539 836 600 59.
875 539 1230 602 -Assidet
1306 542 1558 603 Boetius
1637 550 1895 624 stupens
1968 546 2047 609 de
2118 549 2235 610 hac
2289 550 2310 610 l

981 646 1261 710 Audiens
1307 649 1459 728 quid
1505 650 1608 712 hic
1653 658 1715 715 et
1770 652 1871 716 hic
1917 661 2156 718 asserat
2199 675 2315 737 per

986 754 1062 814 Et
1116 753 1267 833 quid
1320 755 1420 817 cui
1477 757 1685 820 faveat
1743 778 1871 821 non
1930 760 2227 826 discernit
2282 783 2314 824 1·

983 859 1120 919 Non
1168 861 1471 939 presumit
1513 863 1755 927 solvere
1801 865 1971 927 litem
2009 869 2094 946 (1)
2142 868 2315 930 diffin

2402 719 2485 777 tte

988 1123 1340 1202 Explanare
1385 1126 1600 1188 nititur
1647 1128 1738 1208 (2)
1793 1129 2091 1207 vigilante
2147 1148 2182 1192 o
2228 1175 2243 1189 .
2295 1174 2310 1190 .

989 1229 1148 1291 Huic
1203 1231 1450 1294 videtur
1497 1232 1735 1312 logices
1784 1235 2108 1314 assignare
2155 1236 2181 1314 j
2231 1280 2244 1294 .
2297 1279 2311 1294 .

747 1017 843 1078 60.
884 1019 1225 1094 -Tomen
1283 1020 1631 1084 Aristotelis
1687 1022 1964 1102 quelibet
2027 1025 2177 1087 obsc
2226 1070 2241 1084 .
2286 1068 2303 1087 .

991 1337 1114 1400 Sed
1160 1338 1484 1402 Platonem
1531 1342 1801 1404 consulit
1835 1343 1914 1405 de
1960 1359 2172 1404 rerum
2209 1349 2321 1404 nat

754 1578 918 1629 savotr
941 1581 982 1631 si
1021 1580 1069 1631 la
1103 1588 1230 1632 terre
1264 1582 1406 1633 brine
1443 1585 1507 1634 de
1536 1597 1590 1634 sa
1634 1584 1840 1635 lumiere
1873 1599 2050 1649 propre
2084 1600 2152 1635 ou
2186 1585 2336 1635 d'une
2370 1583 2574 1634 lumiere
2597 1595 2702 1632 em-

755 1675 991 1736 pruntee‚
1025 1671 1078 1737 je
1105 1688 1168 1724 ne
1189 1675 1388 1726 connais
1418 1676 1522 1726 rien
1552 1677 1605 1728 ni
1632 1676 1756 1727 dans
1792 1677 1986 1736 Platon,
2015 1677 2068 1726 ni
2093 1679 2216 1728 dans
2258 1677 2469 1727 Aristote
2512 1675 2597 1736 qui
2637 1673 2705 1723 eit

757 1765 874 1817 trait
894 1768 921 1814 a
947 1773 1075 1816 cette
1098 1768 1338 1830 question.
1366 1770 1653 1832 mutumne,
1682 1772 1805 1820 dans
1832 1787 1921 1822 son
1950 1772 2023 1820 De
2050 1772 2246 1832 placitis
2274 1769 2672 1833 philosophorum
2694 1801 2707 1818 .

759 1856 843 1907 lib.
875 1859 953 1916 11,
979 1874 1023 1910 c.
1053 1864 1117 1910 27
1134 1895 1149 1918 ‚
1178 1868 1406 1924 rapporte
1425 1863 1474 1911 la
1497 1865 1736 1925 premiere
1757 1862 1819 1914 de
1840 1878 1921 1913 ces
1947 1864 2173 1928 opinions
2196 1867 2225 1914 a
2258 1861 2621 1912 Anaximandre
2661 1864 2709 1907 et

762 1951 792 1999 ὲ
814 1951 1088 2014 Antiphon,
1117 1952 1164 2001 la
1187 1955 1395 2003 seconde
1417 1957 1446 2004 ἐι
1468 1955 1647 2005 Thales
1674 1963 1723 2005 et
1745 1961 1769 2002 a
1801 1956 2058 2005 Heraclite.

835 2041 902 2104 (ι)
949 2062 970 2087 ι
1011 2044 1264 2100 Boethius,
1292 2059 1448 2108 quum
1478 2047 1635 2108 magis
1661 2047 1723 2096 sit
1740 2047 2018 2110 platonicus
2041 2060 2194 2107 quam
2234 2045 2575 2103 aristotelicus,
2618 2057 2713 2110 mess

764 2133 902 2183 dium
921 2141 1084 2184 tamen
1119 2150 1170 2186 se
1198 2139 1374 2199 praebet
1398 2137 1524 2187 inter
1545 2145 1814 2200 utrumque
1836 2138 2180 2202 philosophum
2218 2144 2268 2187 et
2305 2150 2477 2186 eomm
2513 2149 2715 2184 eoncor-

764 2225 896 2275 diam
937 2241 990 2277 se
1025 2228 1321 2278 traditurum
1363 2231 1631 2292 aliquando
1665 2231 1911 2294 pollicitus
1963 2237 2035 2279 est
2068 2246 2081 2279 ι
2128 2229 2262 2290 quod
2310 2242 2371 2276 an
2406 2226 2710 2292 pra-stiterit,

763 2319 897 2368 Deus
926 2320 1079 2370 novit.
1103 2339 1125 2366 n
1149 2323 1360 2372 loannes
1384 2323 1719 2380 Murmeltius‚
1751 2325 1803 2372 ln
1834 2323 2087 2371 Boethium
2126 2323 2224 2370 (De
2250 2320 2586 2370 consolatione
2608 2317 2718 2381 pbi-

766 2411 1018 2474 losopliiae)
1058 2413 1475 2471 Commentarius,
1517 2415 1603 2465 lib.
1651 2417 1704 2471 V,
1745 2422 1887 2465 metr.
1936 2417 1983 2468 li.
2013 2413 2144 2463 Voici
2184 2428 2241 2463 ce
2288 2426 2389 2475 que
2416 2411 2467 2476 je
2498 2411 2559 2460 lis
2597 2410 2721 2460 dans

768 2507 925 2555 Bo'e‘ce
967 2505 1480 2569 (Commentariorum
1530 2510 1581 2556 in
1638 2508 1974 2572 Porphyrium
2012 2523 2043 2555 a
2083 2520 2133 2555 se
2175 2507 2477 2555 translatum
2536 2502 2623 2552 lib.
2666 2502 2714 2560 l,

771 2597 901 2647 circa
922 2598 1102 2658 tinem)
1129 2613 1142 2646 z
1178 2616 1200 2643 ι
1236 2599 1376 2648 Plato
1401 2614 1578 2661 genera
1602 2607 1650 2649 et
1674 2600 1855 2662 species
1881 2605 2153 2660 caeteraque
2192 2611 2295 2645 non
2336 2594 2485 2645 modo
2519 2591 2721 2656 intelligi

773 2686 1068 2737 universalia
1113 2688 1305 2749 (t'laton
1349 2703 1498 2752 pense
1524 2703 1623 2751 que
1664 2690 1736 2737 les
1761 2702 1936 2752 genres
1978 2695 2029 2738 et
2057 2688 2126 2737 les
2161 2688 2354 2749 especes
2400 2700 2463 2735 ne
2490 2691 2601 2733 sont
2638 2696 2725 2747 pas

774 2780 1039 2829 seulement
1064 2780 1149 2830 des
1172 2782 1484 2845 concepllom
1506 2782 1569 2831 de
1610 2783 2012 2844 l'intettigence).
2043 2794 2214 2829 verum
2250 2780 2397 2828 etiam
2433 2791 2536 2828 esse
2577 2784 2727 2838 atque

777 2879 952 2936 praeter
985 2888 1189 2935 corpora
1229 2874 1486 2924 subsistere
1532 2881 1673 2937 putat
1719 2874 1874 2937 (mnis
1892 2873 2039 2935 qu'iis
2077 2872 2283 2921 existent
2309 2870 2459 2918 d'une
2488 2868 2729 2917 existence

779 2964 1142 3028 independente
1168 2967 1254 3016 des
1285 2968 1446 3030 corps)
1469 2986 1482 3025 3
1512 2967 1793 3016 Aristocles
1823 2980 1938 3015 vero
1956 2963 2160 3025 intelligi
2185 2962 2385 3023 quidem
2409 2958 2724 3015 universalia.

782 3058 867 3107 sed
917 3060 1176 3109 subsistere
1213 3061 1263 3108 in
1311 3061 1621 3110 sensibilibus
1676 3067 1854 3124 putat:
1895 3072 2109 3119 quorum
2146 3054 2419 3119 dijudicare
2469 3051 2732 3102 sententias

783 3158 953 3213 aptum
977 3164 1081 3199 esse
1134 3166 1231 3201 non
1287 3153 1442 3211 duxi3
1484 3154 1669 3203 altioris
1718 3154 1849 3202 enim
1887 3158 1960 3201 est
2009 3148 2338 3213 philosophiae.
2386 3146 2574 3197 Idcirco
2621 3158 2733 3195 vero

785 3242 1053 3293 studiosius
1081 3246 1352 3296 Aristotelis
1372 3248 1662 3297 sententiam
1684 3246 1873 3297 executi
1902 3259 2071 3294 sumus
2086 3279 2101 3303 ,
2124 3257 2223 3292 non
2243 3241 2379 3304 quod
2397 3255 2508 3290 eam
2526 3238 2734 3287 maxime

785 3340 1132 3402 probaremus.
1169 3339 1251 3388 sed
1288 3339 1422 3400 quod
1455 3339 1534 3388 hic
1581 3340 1707 3389 liber
1751 3340 1813 3388 ad
1859 3334 2237 3401 praedicamenta
2286 3332 2589 3396 conscriptus
2631 3336 2727 3389 est,

788 3444 1005 3492 quorum
1042 3430 1307 3483 ¹.··='·.stote¹es
1335 3440 1476 3481 autor
1502 3440 1592 3482 est.
1630 3450 1651 3477 ι

860 3524 931 3584 (2)
971 3525 1128 3573 Bsece
1169 3538 1295 3575 nous
1334 3548 1365 3573 α
1398 3538 1541 3573 tatsse
1573 3529 1639 3573 de
1678 3523 1953 3573 nombreux
1992 3520 2196 3572 traites:
2235 3520 2293 3569 In
2321 3517 2596 3582 Porphyrii·
2639 3516 2738 3564 lsa-

791 3632 943 3681 9oqen
968 3630 984 3680 ;
1011 3643 1076 3653 —
1104 3616 1164 3666 In
1203 3616 1485 3667 Aristotelis
1506 3616 1926 3680 pradicamentag
1952 3641 2015 3651 -—
2052 3615 2123 3663 De
2148 3611 2429 3677 syllogismo
2451 3608 2743 3673 cateyorico5

796 3736 862 3747 —
891 3711 965 3760 De
1003 3710 1290 3776 syllogismo
1331 3708 1667 3775 hypothetico,
1721 3714 1839 3769 etc..
1890 3713 2007 3766 etc„
2054 3706 2121 3755 οὺ
2156 3703 2193 3753 il
2236 3717 2299 3754 ne
2334 3701 2424 3751 fait
2478 3713 2579 3765 que
2608 3712 2747 3748 oom-

793 3792 987 3853 menter
1017 3801 1247 3855 Aristum.
