3166 4952
768 549 1222 620 wia-Omnis
1284 551 1472 631 hujus
1524 551 1700 614 urbis
1750 557 1845 612 est
1906 552 2179 632 populus
2230 553 2289 614 el

1006 657 1097 718 De
1128 654 1387 730 diversis
1415 656 1709 737 gentihus
1738 655 2017 736 undique
2051 657 2139 739 (1)
2164 657 2286 720 coll

1005 757 1284 822 Moribus
1359 759 1665 859 eximiqS,
1715 760 1843 823 vita
1899 760 2159 842 simplex
2183 807 2199 837 ,
2252 782 2286 824 ι·
2375 721 2551 778 ectus

1006 864 1224 926 Omnis
1274 864 1577 945 sapientie
1630 865 1827 945 gratia
1877 865 2019 946 perf
2054 911 2070 928 .
2130 913 2145 927 .
2196 913 2209 928 .
2256 911 2271 928 .

770 1054 982 1114 132-
1007 1052 1261 1115 Labitur
1289 1071 1406 1134 per
1443 1053 1721 1116 medium
1754 1053 2017 1117 civitatis
2047 1073 2079 1115 1·
2124 1099 2137 1114 .
2186 1099 2199 1117 .
2253 1101 2266 1116 .

929 1227 934 1232 ,
1008 1157 1191 1220 Nullo
1219 1157 1473 1238 quidem
1503 1159 1765 1239 strepitu
1786 1203 1807 1234 ‚
1840 1158 1951 1221 sed
1988 1159 2211 1221 effectu
2242 1179 2278 1220 v
2372 1215 2508 1275 ivus

1005 1259 1220 1321 Omnis
1277 1259 1612 1322 efficaciter
1656 1260 1857 1322 morbi
1902 1268 2079 1323 sanat
2119 1305 2136 1323 .
2188 1305 2202 1324 .
2260 1306 2273 1323 .

1008 1363 1084 1424 Et
1144 1363 1337 1443 ipsius
1397 1361 1586 1426 etiam
1642 1366 1863 1426 mortis
1920 1365 2141 1445 expuis
2183 1407 2197 1425 .
2252 1412 2267 1427 .

769 1547 898 1609 133.
927 1581 988 1593 -
1008 1545 1187 1618 Quod
1216 1546 1264 1607 si
1306 1546 1466 1609 forte
1509 1547 1855 1625 quemlibet
1892 1548 1992 1608 hic
2020 1549 2341 1628 contingat
2370 1565 2432 1609 m

1005 1653 1371 1717 prevalente
1422 1652 1689 1714 nimium
1743 1653 1964 1714 morbo
2020 1653 2163 1714 forti
2210 1697 2225 1714 .
2270 1698 2285 1715 .
2338 1700 2352 1714 .
2406 1699 2421 1714 .
2602 1706 2613 1719 .

1009 1756 1207 1838 Hujus
1261 1755 1690 1819 medicaminis
1742 1775 1859 1818 usu
1918 1756 2151 1836 longi.
2208 1802 2221 1817 .
2270 1803 2282 1818 .
2338 1802 2352 1817 .
2410 1802 2424 1817 .
2474 1625 2617 1942 gom

1008 1859 1334 1923 Reviviscit
1398 1860 1627 1921 iterum
1690 1859 1776 1940 (2)
1838 1861 1962 1923 vite
2020 1860 2166 1921 meli
2212 1907 2226 1924 .
2277 1906 2290 1921 .
2348 1905 2361 1923 .
2414 1905 2428 1922 .

1014 2148 1168 2220 Quia
1226 2149 1276 2209 si
1335 2148 1473 2228 quis
1527 2149 1805 2211 animam
1860 2149 2134 2210 moriens
2191 2167 2267 2210 ex
2311 2192 2326 2209 .

1011 2256 1134 2315 Aut
1188 2255 1305 2314 hac
1364 2272 1482 2334 ope
1549 2255 1768 2335 spiritu
1823 2262 2113 2317 revocato
2169 2272 2203 2316 e
2244 2299 2259 2316 .
2311 2297 2328 2317 .

771 2048 902 2109 134.
918 2080 994 2092 —
1011 2046 1229 2108 Nullus
1251 2065 1506 2126 prorsus
1526 2053 1811 2109 mortuus
1829 2048 1912 2128 (3)
1934 2047 2032 2108 hic
2051 2046 2279 2109 durare
2297 2066 2335 2108 v

2376 2075 2403 2391 ζ
2430 2210 2553 2272 alet

1009 2364 1132 2423 Aut
1193 2361 1461 2424 cadaver
1517 2361 1767 2440 longius
1821 2362 2056 2425 factum
2115 2380 2335 2425 corvos

764 2644 821 2682 ee
851 2643 950 2693 que
984 2631 1054 2681 Μ.
1094 2630 1311 2695 Leopold
1339 2630 1519 2685 Delisle
1558 2632 1840 2691 m’affirme,
1880 2638 1929 2681 et
1966 2632 2000 2679 il
2042 2645 2105 2681 ne
2149 2639 2270 2694 peut
2304 2644 2356 2682 se
2391 2637 2623 2693 tromper.
2650 2654 2709 2667 -—

765 2722 1044 2786 Locupletes
1079 2724 1154 2775 osi
1186 2723 1268 2774 n’a
1306 2736 1395 2787 pas
1427 2721 1491 2774 de
1531 2736 1656 2775 sens.
1696 2723 1882 2774 Faut-il
1922 2723 2013 2774 lire
2037 2724 2294 2786 locupletes
2325 2724 2381 2786 p!
2412 2722 2488 2773 ost·
2504 2756 2521 2783 ‚
2555 2721 2714 2773 richen

761 2815 1042 2882 applaudis,
1102 2830 1168 2867 ou
1207 2832 1271 2879 pr
1317 2816 1418 2878 osi,
1465 2816 1621 2867 riches
1671 2816 1758 2878 qui
1803 2823 1891 2866 ont
1938 2818 2095 2880 gagne
2132 2814 2534 2867 honorahlement
2576 2814 2713 2865 leurs

762 2908 1028 2969 richesae„
1055 2922 1233 2972 prosus
1250 2916 1299 2960 et
1315 2922 1544 2972 prorsus,
1575 2908 1664 2971 qui
1683 2922 1742 2959 va
1759 2922 1823 2959 en
1850 2908 1983 2972 ligne
1998 2906 2157 2959 droite
2174 2910 2199 2959 Ρ
2220 2906 2493 2975 J'almerais
2514 2905 2708 2957 mieux:

761 2999 893 3051 Sunt
927 3002 1134 3064 locuple!
1175 3004 1263 3052 osi.
1296 3003 1367 3052 Le
1390 3014 1483 3051 ms.
1515 3007 1588 3051 est
1609 3003 1768 3064 graue
1800 3000 1879 3060 ici,
1918 3013 2107 3050 comme
2130 3011 2192 3050 en
2217 3000 2477 3063 beaucoup
2498 2997 2714 3049 d’autres

761 3092 1004 3153 eadwine,
1053 3095 1119 3144 οὺ
1160 3092 1210 3143 le
1259 3093 1442 3157 copiste
1484 3106 1514 3142 a
1563 3095 1776 3155 eprouve
1818 3091 2270 3155 quelqu’embarras
2312 3104 2441 3157 pour
2481 3104 2537 3143 sa
2577 3097 2716 3141 tran-

763 3184 1013 3250 scription.

834 3276 904 3342 (1)
938 3279 1012 3329 En
1049 3290 1216 3341 mat-ge
1243 3292 1258 3328 ε
1288 3277 1432 3342 Quod
1452 3278 1624 3342 qratia
1658 3277 1825 3329 divina
1856 3278 2120 3327 communis
2154 3286 2227 3328 est
2252 3277 2485 3329 omnibus.
2532 3293 2555 3323 α
2589 3275 2714 3327 ὓόὺ

755 3369 835 3423 lui
873 3369 1108 3422 viennent
1134 3368 1196 3421 de
1218 3376 1330 3422 tous
1361 3372 1513 3430 cotes,
1543 3370 1636 3421 Ges
1671 3368 1863 3422 enfnnts
1884 3369 2035 3433 qu’en
2071 3382 2159 3419 son
2194 3370 2299 3420 sein
2334 3367 2428 3419 elle
2459 3367 2543 3419 n’n
2579 3366 2719 3431 point

763 3464 961 3525 portes?
985 3480 1006 3509 ι
1046 3462 1244 3523 Recine,
1285 3463 1495 3524 Athalie,
1530 3471 1627 3514 act.
1660 3464 1765 3523 111,
1810 3476 1881 3514 sc.
1909 3466 1957 3513 8.

763 3598 768 3605 .
830 3559 902 3623 (2)
937 3558 1014 3609 En
1039 3568 1237 3619 marce:
1283 3554 1430 3620 Quod
1465 3570 1556 3619 per
1598 3555 1871 3607 custodiam
1912 3554 2008 3605 Det·
2052 3556 2402 3606 mandatorum
2434 3562 2715 3618 peccatores

753 3649 893 3715 flunt
919 3649 1070 3716 justi.
1917 3656 1921 3660 “

754 3766 758 3771 ·
835 3742 902 3799 (3)
937 3741 1013 3791 En
1058 3752 1260 3803 merge:
1320 3738 1466 3805 Quod
1511 3740 1678 3788 nullus
1729 3739 1779 3788 in
1837 3740 2043 3791 mortali
2086 3748 2280 3801 peccato
2333 3744 2603 3790 membrum
2639 3747 2710 3791 est

755 3831 998 3885 Ecclesia.
