3166 4952
1578 459 1658 473 ...
1696 430 1779 491 68
1818 457 1897 476 ..

763 560 1266 635 {Sa—Quidam
1295 559 1380 641 (1)
1405 560 1609 642 magis
1638 560 1819 624 alveo
1864 523 2141 622 fluminis
2166 577 2277 622 acc

1002 667 1079 727 Et
1133 682 1201 726 se
1267 668 1429 727 totos
1483 662 1706 727 studiis
1768 663 2071 727 veritatis
2098 662 2141 724 d
2188 707 2204 724 .
2248 709 2268 726 .

1001 767 1202 832 Nichil
1257 767 1672 831 mundialium
1731 768 1848 831 sibi
1904 767 2087 831 dulce
2141 786 2211 830 cr
2248 813 2263 829 .

1003 872 1494 954 contemplantis
1505 873 1707 936 aciem
1723 891 1932 936 rerum
1950 873 2133 939 turbe
2150 871 2273 954 (2)1

2368 718 2564 782 edunt

999 1194 1139 1258 Tibi
1167 1194 1601 1258 testimonium
1630 1194 2035 1274 perhibentes
2058 1238 2075 1269 ‚
2107 1194 2187 1256 Cr

1002 1305 1169 1366 Vasa
1207 1304 1419 1365 ferunt
1462 1302 1689 1365 fluvius
1717 1319 1841 1383 que
1889 1300 2190 1365 fecundat

1000 1405 1181 1471 Unde
1229 1405 1318 1468 tui
1364 1405 1576 1486 sepius
1619 1404 1845 1467 bibunt
1889 1422 2056 1486 agon
2097 1449 2113 1467 .
2164 1449 2181 1466 .

762 1091 1070 1154 {GL-ln
1099 1087 1198 1150 his
1226 1087 1412 1168 primi
1443 1094 1717 1168 quatuor
1742 1093 1889 1151 sunt
1917 1087 2187 1169 evangel
2227 1123 2257 1476 ξ

2279 1258 2397 1315 iste

1004 1715 1081 1775 Et
1135 1733 1172 1776 a
1226 1714 1482 1777 Marcho
1527 1713 1798 1794 plurima
1852 1720 2246 1777 sacramenta
2297 1733 2364 1777 sc
2408 1760 2423 1776 .

1006 1819 1268 1881 Sursum
1320 1817 1488 1881 Luca
1543 1817 1760 1897 previo
1825 1816 1905 1880 de
1960 1818 2227 1880 terrenis
2266 1863 2283 1880 .
2341 1864 2354 1879 .
2408 1864 2422 1880 .

764 1605 1165 1669 teia—Hinc
1206 1605 1494 1669 Matheus
1528 1605 1817 1685 perhibet
1858 1610 2067 1667 ortum
2094 1605 2314 1667 Christi
2354 1614 2430 1685 p’r
2485 1627 2491 1634 ·

2470 1639 2676 1994 {imus

1000 1923 1050 1983 lt
1101 1921 1424 1983 Johannes
1487 1936 1821 2000 usquequo
1898 1920 2198 2000 prosequi
2249 1939 2420 2002 nequ

766 2131 986 2192 163.—
1011 2130 1125 2192 Hic
1183 2130 1369 2191 unius
1416 2128 1654 2192 vasculi
1711 2129 1969 2219 prestita
2015 2148 2198 2193 mens

851 2231 862 2238 ’
1009 2234 1212 2298 Adicit
1257 2241 1321 2298 et
1368 2234 1541 2298 aliud
1572 2234 1663 2316 (3)
1716 2253 1843 2296 non
1873 2235 2117 2298 minore
2157 2253 2192 2297 c

1007 2341 1115 2402 Cui
1145 2340 1383 2405 revelat
1425 2340 1698 2421 plurima
1729 2340 1994 2422 Spiritus
2041 2340 2193 2403 obsc

1011 2448 1151 2513 Sive
1193 2449 1327 2529 ,iam
1374 2447 1716 2529 preterita,
1750 2447 1880 2513 sive
1924 2453 2066 2530 post
2101 2448 2196 2512 fut

2288 2312 2404 2356 ΒΓΕ

766 2674 988 2735 164.—
1007 2671 1279 2751 Adjuvat
1318 2678 1381 2735 et
1422 2671 1686 2734 tercium
1720 2671 1804 2752 (4)
1847 2670 2033 2751 plene
2060 2688 2173 2733 vos
2204 2670 2302 2732 inf

1006 2774 1193 2855 Cujus
1247 2780 1432 2856 potus
1488 2773 1691 2836 dulcis
1748 2778 1842 2836 est
1908 2773 2127 2837 latices
2185 2774 2290 2853 joc

1007 2878 1215 2952 Petri,
1273 2877 1436 2940 ,lude
1459 2922 1475 2950 ,
1545 2881 1580 2939 J
1586 2876 1766 2939 acobi
1833 2877 2160 2941 sanctitate
2222 2896 2287 2939 m

1007 2981 1133 3046 Sed
1185 2981 1360 3045 istius
1424 2980 1696 3061 amplius
1751 2980 1956 3055 studio
2012 2981 2157 3062 prof
2194 3027 2209 3043 .
2260 3028 2273 3043 .

2330 2679 2359 2867 ε
2381 2830 2535 2892 undi

835 3336 902 3402 (¹)
938 3337 1014 3388 En
1045 3348 1244 3399 mame:
1279 3335 1354 3384 De
1387 3334 1673 3385 auctoribus
1700 3333 1945 3386 librorum
1969 3333 2083 3384 novi
2109 3333 2407 3385 mummi.
2526 3386 2531 3391 ,

835 3429 906 3493 (2)
945 3446 971 3476 ι
1002 3429 1074 3478 La
1112 3425 1374 3478 multitude
1417 3424 1502 3476 des
1543 3425 1714 3477 choses
1751 3424 2042 3479 mondaines
2088 3427 2310 3477 emmae
2348 3424 2395 3475 le
2440 3426 2613 3489 tegani
2656 3424 2721 3475 de

763 3520 892 3571 celui
914 3521 1004 3582 qui
1029 3518 1304 3583 contemplc
1323 3518 1402 3583 les
1424 3518 1597 3571 chose·
1630 3518 1743 3569 d’en
1764 3518 1903 3570 haut.
1942 3539 1964 3563 ι

834 3612 907 3677 (8)
941 3614 1016 3663 En
1049 3625 1254 3676 mar-gez
1291 3610 1616 3674 Apocalipsis.
2466 3639 2474 3667 ,-

833 3707 902 3771 (A)
936 3708 1010 3757 En
1042 3718 1240 3769 marga:
1281 3702 1521 3755 Canonice
1559 3701 1800 3766 Epistola.
1826 3728 1890 3740 —
1909 3702 2003 3753 Ces
2038 3690 2229 3765 Epltres
2264 3706 2375 3753 sont
2412 3714 2479 3753 au
2512 3702 2719 3753 nombre

763 3798 826 3850 de
853 3798 992 3850 trois.
1023 3824 1091 3836 —
1126 3797 1170 3849 ll
1202 3812 1235 3861 y
1269 3811 1332 3848 en
1359 3809 1390 3848 a
1416 3794 1548 3847 aussi
1580 3793 1701 3847 trois
1733 3792 1795 3847 de
1821 3793 1950 3847 saint
1987 3792 2170 3856 Piene,
2207 3807 2307 3845 une
2336 3793 2399 3847 de
2428 3794 2555 3847 saint
2590 3793 2720 3847 sude

766 3896 817 3944 et
845 3902 945 3942 une
972 3890 1036 3944 dc
1069 3888 1198 3943 saint
1218 3890 1446 3955 Jacques.
