<?xml version="1.0" encoding="UTF-8"?>
<!DOCTYPE html PUBLIC "-//W3C//DTD XHTML 1.0 Transitional//EN"
    "http://www.w3.org/TR/xhtml1/DTD/xhtml1-transitional.dtd">
<html xmlns="http://www.w3.org/1999/xhtml" xml:lang="en" lang="en">
 <head>
  <title>
</title>
<meta http-equiv="Content-Type" content="text/html;charset=utf-8" />
  <meta name='ocr-system' content='tesseract 3.04.00' />
  <meta name='ocr-capabilities' content='ocr_page ocr_carea ocr_par ocr_line ocrx_word'/>
</head>
<body>
  <div class='ocr_page' id='page_1' title='image "./fonsphilosophia00breugoog/fonsphilosophia00breugoog_0067.png"; bbox 0 0 3166 4952; ppageno 0'>
   <div class='ocr_carea' id='block_1_1' title="bbox 1238 434 1561 497">
    <p class='ocr_par' dir='ltr' id='par_1_1' title="bbox 1238 434 1561 497">
     <span class='ocr_line' id='line_1_1' title="bbox 1238 434 1561 497; baseline -0.003 -16"><span class='ocrx_word' id='word_1_1' title='bbox 1238 434 1561 497; x_wconf 75' lang='lat'>...57-</span> 
     </span>
    </p>
   </div>
   <div class='ocr_carea' id='block_1_2' title="bbox 438 588 2108 981">
    <p class='ocr_par' dir='ltr' id='par_1_2' title="bbox 438 588 2108 981">
     <span class='ocr_line' id='line_1_2' title="bbox 438 588 2106 672; baseline -0.002 -19"><span class='ocrx_word' id='word_1_2' title='bbox 438 594 759 655; x_wconf 65' lang='lat' dir='ltr'>liu-At</span> <span class='ocrx_word' id='word_1_3' title='bbox 823 591 1081 653; x_wconf 79' lang='lat' dir='ltr'>effectus</span> <span class='ocrx_word' id='word_1_4' title='bbox 1130 590 1301 653; x_wconf 81' lang='lat' dir='ltr'>tercii</span> <span class='ocrx_word' id='word_1_5' title='bbox 1360 590 1447 672; x_wconf 87' lang='grc'>(1)</span> <span class='ocrx_word' id='word_1_6' title='bbox 1514 588 1790 651; x_wconf 86' lang='lat' dir='ltr'>fluminis</span> <span class='ocrx_word' id='word_1_7' title='bbox 1846 594 1991 651; x_wconf 83' lang='lat' dir='ltr'>sunt</span> <span class='ocrx_word' id='word_1_8' title='bbox 2043 606 2106 649; x_wconf 89' lang='lat' dir='ltr'>m</span> 
     </span>
     <span class='ocr_line' id='line_1_3' title="bbox 676 690 2108 757; baseline -0.003 -1"><span class='ocrx_word' id='word_1_9' title='bbox 676 694 829 757; x_wconf 89' lang='lat' dir='ltr'>Inde</span> <span class='ocrx_word' id='word_1_10' title='bbox 898 692 1089 755; x_wconf 87' lang='lat' dir='ltr'>michi</span> <span class='ocrx_word' id='word_1_11' title='bbox 1145 711 1255 756; x_wconf 85' lang='lat' dir='ltr'>cor</span> <span class='ocrx_word' id='word_1_12' title='bbox 1322 698 1386 755; x_wconf 87' lang='lat' dir='ltr'>et</span> <span class='ocrx_word' id='word_1_13' title='bbox 1439 708 1511 756; x_wconf 81' lang='lat' dir='ltr'>os</span> <span class='ocrx_word' id='word_1_14' title='bbox 1567 697 1664 755; x_wconf 80' lang='lat' dir='ltr'>est</span> <span class='ocrx_word' id='word_1_15' title='bbox 1717 690 2014 754; x_wconf 82' lang='lat' dir='ltr'>collatum</span> <span class='ocrx_word' id='word_1_16' title='bbox 2068 709 2108 752; x_wconf 84' lang='lat' dir='ltr'>v</span> 
     </span>
     <span class='ocr_line' id='line_1_4' title="bbox 675 794 2102 877; baseline -0.004 -18"><span class='ocrx_word' id='word_1_17' title='bbox 675 797 914 874; x_wconf 83' lang='lat' dir='ltr'><strong>Lingua</strong></span> <span class='ocrx_word' id='word_1_18' title='bbox 981 797 1157 877; x_wconf 85' lang='lat' dir='ltr'>prius</span> <span class='ocrx_word' id='word_1_19' title='bbox 1212 796 1445 859; x_wconf 84' lang='lat' dir='ltr'>rustica</span> <span class='ocrx_word' id='word_1_20' title='bbox 1500 795 1667 875; x_wconf 84' lang='lat' dir='ltr'>cepit</span> <span class='ocrx_word' id='word_1_21' title='bbox 1722 794 1906 876; x_wconf 89' lang='lat' dir='ltr'>expol</span> <span class='ocrx_word' id='word_1_22' title='bbox 1953 841 1970 855; x_wconf 87' lang='lat'><strong>.</strong></span> <span class='ocrx_word' id='word_1_23' title='bbox 2014 836 2031 856; x_wconf 88' lang='lat'><strong>.</strong></span> <span class='ocrx_word' id='word_1_24' title='bbox 2088 839 2102 854; x_wconf 94' lang='lat'><strong>.</strong></span> 
     </span>
     <span class='ocr_line' id='line_1_5' title="bbox 671 898 2106 981; baseline 0.001 -22"><span class='ocrx_word' id='word_1_25' title='bbox 671 899 833 977; x_wconf 90' lang='lat' dir='ltr'><strong>Quid</strong></span> <span class='ocrx_word' id='word_1_26' title='bbox 849 900 1115 981; x_wconf 77' lang='lat' dir='ltr'><strong>justum,</strong></span> <span class='ocrx_word' id='word_1_27' title='bbox 1142 900 1293 979; x_wconf 89' lang='lat' dir='ltr'>quid</span> <span class='ocrx_word' id='word_1_28' title='bbox 1312 898 1484 973; x_wconf 85' lang='lat' dir='ltr'>utile,</span> <span class='ocrx_word' id='word_1_29' title='bbox 1508 898 1662 979; x_wconf 86' lang='lat' dir='ltr'>quid</span> <span class='ocrx_word' id='word_1_30' title='bbox 1681 899 2017 961; x_wconf 78' lang='lat' dir='ltr'>honestum</span> <span class='ocrx_word' id='word_1_31' title='bbox 2040 916 2106 961; x_wconf 83' lang='lat' dir='ltr'>sc</span> 
     </span>
    </p>
   </div>
   <div class='ocr_carea' id='block_1_3' title="bbox 2199 766 2273 807">
    <p class='ocr_par' dir='ltr' id='par_1_3' title="bbox 2199 766 2273 807">
     <span class='ocr_line' id='line_1_6' title="bbox 2199 766 2273 807; baseline 0 0"><span class='ocrx_word' id='word_1_32' title='bbox 2199 766 2273 807; x_wconf 79' lang='lat' dir='ltr'><strong>m</strong></span> 
     </span>
    </p>
   </div>
   <div class='ocr_carea' id='block_1_4' title="bbox 615 1192 2009 1381">
    <p class='ocr_par' dir='ltr' id='par_1_4' title="bbox 615 1192 2009 1381">
     <span class='ocr_line' id='line_1_7' title="bbox 615 1192 2006 1276; baseline -0.003 -18"><span class='ocrx_word' id='word_1_33' title='bbox 615 1269 622 1276; x_wconf 40' lang='grc'>,</span> <span class='ocrx_word' id='word_1_34' title='bbox 673 1197 800 1258; x_wconf 84' lang='lat' dir='ltr'>Nec</span> <span class='ocrx_word' id='word_1_35' title='bbox 826 1240 842 1270; x_wconf 93' lang='lat'>,</span> <span class='ocrx_word' id='word_1_36' title='bbox 876 1194 1030 1256; x_wconf 89' lang='lat' dir='ltr'>dum</span> <span class='ocrx_word' id='word_1_37' title='bbox 1061 1194 1138 1257; x_wconf 86' lang='lat' dir='ltr'>de</span> <span class='ocrx_word' id='word_1_38' title='bbox 1169 1193 1515 1275; x_wconf 80' lang='lat' dir='ltr'><strong>quadruvio</strong></span> <span class='ocrx_word' id='word_1_39' title='bbox 1545 1192 1862 1267; x_wconf 82' lang='lat' dir='ltr'>biberem,</span> <span class='ocrx_word' id='word_1_40' title='bbox 1899 1193 2006 1273; x_wconf 76' lang='lat' dir='ltr'>‘qui</span> 
     </span>
     <span class='ocr_line' id='line_1_8' title="bbox 674 1297 2009 1381; baseline -0.002 -19"><span class='ocrx_word' id='word_1_41' title='bbox 674 1301 798 1363; x_wconf 88' lang='lat' dir='ltr'>Sed</span> <span class='ocrx_word' id='word_1_42' title='bbox 814 1300 891 1361; x_wconf 88' lang='lat' dir='ltr'>de</span> <span class='ocrx_word' id='word_1_43' title='bbox 910 1299 1113 1381; x_wconf 88' lang='lat' dir='ltr'>primo</span> <span class='ocrx_word' id='word_1_44' title='bbox 1128 1300 1212 1380; x_wconf 91' lang='lat'>(3)</span> <span class='ocrx_word' id='word_1_45' title='bbox 1230 1300 1559 1361; x_wconf 89' lang='lat' dir='ltr'>fluminum</span> <span class='ocrx_word' id='word_1_46' title='bbox 1572 1304 1843 1379; x_wconf 73' lang='lat' dir='ltr'>quatuor</span> <span class='ocrx_word' id='word_1_47' title='bbox 1855 1298 1916 1359; x_wconf 90' lang='lat' dir='ltr'>in</span> <span class='ocrx_word' id='word_1_48' title='bbox 1933 1297 2009 1359; x_wconf 85' lang='lat' dir='ltr'>br</span> 
     </span>
    </p>
   </div>
   <div class='ocr_carea' id='block_1_5' title="bbox 436 1086 2006 1485">
    <p class='ocr_par' dir='ltr' id='par_1_5' title="bbox 436 1086 2006 1485">
     <span class='ocr_line' id='line_1_9' title="bbox 436 1086 2002 1169; baseline -0.002 -19"><span class='ocrx_word' id='word_1_49' title='bbox 436 1086 647 1153; x_wconf 76' lang='grc'><strong>111.’-</strong></span> <span class='ocrx_word' id='word_1_50' title='bbox 675 1089 775 1151; x_wconf 86' lang='lat' dir='ltr'>Sic</span> <span class='ocrx_word' id='word_1_51' title='bbox 830 1088 913 1151; x_wconf 82' lang='lat' dir='ltr'>ed</span> <span class='ocrx_word' id='word_1_52' title='bbox 980 1088 1286 1169; x_wconf 81' lang='lat' dir='ltr'>sapientie</span> <span class='ocrx_word' id='word_1_53' title='bbox 1347 1088 1431 1169; x_wconf 78' lang='lat'>(2)</span> <span class='ocrx_word' id='word_1_54' title='bbox 1493 1088 1698 1151; x_wconf 82' lang='lat' dir='ltr'>studia</span> <span class='ocrx_word' id='word_1_55' title='bbox 1760 1106 1941 1151; x_wconf 84' lang='lat' dir='ltr'><strong>succr</strong></span> <span class='ocrx_word' id='word_1_56' title='bbox 1988 1132 2002 1147; x_wconf 95' lang='lat'><strong>.</strong></span> 
     </span>
     <span class='ocr_line' id='line_1_10' title="bbox 671 1400 2006 1485; baseline -0.003 -18"><span class='ocrx_word' id='word_1_57' title='bbox 671 1406 865 1468; x_wconf 85' lang='lat' dir='ltr'>Hausi</span> <span class='ocrx_word' id='word_1_58' title='bbox 890 1452 906 1481; x_wconf 90' lang='lat'>,</span> <span class='ocrx_word' id='word_1_59' title='bbox 940 1407 1021 1468; x_wconf 89' lang='lat' dir='ltr'>de</span> <span class='ocrx_word' id='word_1_60' title='bbox 1050 1424 1178 1485; x_wconf 87' lang='lat' dir='ltr'>quo</span> <span class='ocrx_word' id='word_1_61' title='bbox 1207 1406 1359 1467; x_wconf 92' lang='lat' dir='ltr'>mihi</span> <span class='ocrx_word' id='word_1_62' title='bbox 1390 1422 1501 1468; x_wconf 83' lang='lat' dir='ltr'>vas</span> <span class='ocrx_word' id='word_1_63' title='bbox 1546 1404 1803 1467; x_wconf 83' lang='lat' dir='ltr'>calculis</span> <span class='ocrx_word' id='word_1_64' title='bbox 1852 1400 2006 1485; x_wconf 87' lang='lat' dir='ltr'>impl</span> 
     </span>
    </p>
   </div>
   <div class='ocr_carea' id='block_1_6' title="bbox 434 1590 1847 1967">
    <p class='ocr_par' dir='ltr' id='par_1_6' title="bbox 434 1590 1847 1967">
     <span class='ocr_line' id='line_1_11' title="bbox 434 1590 1845 1673; baseline -0.001 -18"><span class='ocrx_word' id='word_1_65' title='bbox 434 1596 563 1655; x_wconf 78' lang='grc'><strong>112.</strong></span> <span class='ocrx_word' id='word_1_66' title='bbox 578 1626 659 1639; x_wconf 91' lang='grc'>-</span> <span class='ocrx_word' id='word_1_67' title='bbox 675 1593 769 1656; x_wconf 79' lang='lat' dir='ltr'>Ad</span> <span class='ocrx_word' id='word_1_68' title='bbox 796 1592 1145 1656; x_wconf 81' lang='lat' dir='ltr'>seeundum</span> <span class='ocrx_word' id='word_1_69' title='bbox 1159 1593 1243 1671; x_wconf 79' lang='grc'>(4)</span> <span class='ocrx_word' id='word_1_70' title='bbox 1260 1591 1460 1654; x_wconf 85' lang='lat' dir='ltr'>fateor</span> <span class='ocrx_word' id='word_1_71' title='bbox 1478 1608 1656 1653; x_wconf 83' lang='lat' dir='ltr'>mora</span> <span class='ocrx_word' id='word_1_72' title='bbox 1675 1590 1845 1673; x_wconf 85' lang='lat' dir='ltr'>longi</span> 
     </span>
     <span class='ocr_line' id='line_1_12' title="bbox 672 1695 1840 1759; baseline -0.002 -1"><span class='ocrx_word' id='word_1_73' title='bbox 672 1695 967 1758; x_wconf 81' lang='lat' dir='ltr'>Armonie</span> <span class='ocrx_word' id='word_1_74' title='bbox 1018 1696 1275 1759; x_wconf 88' lang='lat' dir='ltr'>modulo</span> <span class='ocrx_word' id='word_1_75' title='bbox 1322 1700 1543 1758; x_wconf 88' lang='lat' dir='ltr'>teneor</span> <span class='ocrx_word' id='word_1_76' title='bbox 1599 1714 1713 1757; x_wconf 87' lang='lat' dir='ltr'>son</span> <span class='ocrx_word' id='word_1_77' title='bbox 1757 1740 1770 1757; x_wconf 92' lang='lat'><strong>.</strong></span> <span class='ocrx_word' id='word_1_78' title='bbox 1827 1740 1840 1756; x_wconf 91' lang='lat'><strong>.</strong></span> 
     </span>
     <span class='ocr_line' id='line_1_13' title="bbox 671 1798 1836 1879; baseline 0.001 -19"><span class='ocrx_word' id='word_1_79' title='bbox 671 1799 827 1862; x_wconf 82' lang='lat' dir='ltr'>Hine</span> <span class='ocrx_word' id='word_1_80' title='bbox 882 1799 1267 1879; x_wconf 80' lang='lat' dir='ltr'>experientia</span> <span class='ocrx_word' id='word_1_81' title='bbox 1322 1798 1495 1862; x_wconf 88' lang='lat' dir='ltr'>disco</span> <span class='ocrx_word' id='word_1_82' title='bbox 1559 1798 1712 1861; x_wconf 84' lang='lat' dir='ltr'>certi</span> <span class='ocrx_word' id='word_1_83' title='bbox 1755 1842 1770 1861; x_wconf 89' lang='lat'><strong>.</strong></span> <span class='ocrx_word' id='word_1_84' title='bbox 1822 1844 1836 1861; x_wconf 91' lang='lat'><strong>.</strong></span> 
     </span>
     <span class='ocr_line' id='line_1_14' title="bbox 670 1902 1847 1967; baseline 0.001 -3"><span class='ocrx_word' id='word_1_85' title='bbox 670 1902 928 1964; x_wconf 86' lang='lat' dir='ltr'>Animas</span> <span class='ocrx_word' id='word_1_86' title='bbox 981 1904 1046 1965; x_wconf 90' lang='lat' dir='ltr'>in</span> <span class='ocrx_word' id='word_1_87' title='bbox 1102 1903 1342 1967; x_wconf 86' lang='lat' dir='ltr'>musico</span> <span class='ocrx_word' id='word_1_88' title='bbox 1398 1903 1681 1965; x_wconf 78' lang='lat' dir='ltr'>conditas</span> <span class='ocrx_word' id='word_1_89' title='bbox 1729 1921 1847 1965; x_wconf 85' lang='lat' dir='ltr'>can</span> 
     </span>
    </p>
   </div>
   <div class='ocr_carea' id='block_1_7' title="bbox 1933 1768 2042 1814">
    <p class='ocr_par' dir='ltr' id='par_1_7' title="bbox 1933 1768 2042 1814">
     <span class='ocr_line' id='line_1_15' title="bbox 1933 1768 2042 1814; baseline -0.009 0"><span class='ocrx_word' id='word_1_90' title='bbox 1933 1768 2042 1814; x_wconf 75' lang='lat'>01&#39;6</span> 
     </span>
    </p>
   </div>
   <div class='ocr_carea' id='block_1_8' title="bbox 1889 1592 1914 1981">
    <p class='ocr_par' dir='ltr' id='par_1_8' title="bbox 1889 1592 1914 1981">
     <span class='ocr_line' id='line_1_16' title="bbox 1889 1592 1914 1981; baseline 0 2971"><span class='ocrx_word' id='word_1_91' title='bbox 1889 1592 1914 1981; x_wconf 95' lang='lat' dir='ltr'> </span> 
     </span>
    </p>
   </div>
   <div class='ocr_carea' id='block_1_9' title="bbox 430 2170 2386 3904">
    <p class='ocr_par' dir='ltr' id='par_1_9' title="bbox 501 2170 1020 2235">
     <span class='ocr_line' id='line_1_17' title="bbox 501 2170 1020 2235; baseline 0.002 -13"><span class='ocrx_word' id='word_1_92' title='bbox 501 2171 571 2235; x_wconf 80' lang='lat'>(1)</span> <span class='ocrx_word' id='word_1_93' title='bbox 609 2171 680 2221; x_wconf 76' lang='lat' dir='ltr'>La</span> <span class='ocrx_word' id='word_1_94' title='bbox 702 2170 1020 2234; x_wconf 81' lang='lat' dir='ltr'>Rhetorique.</span> 
     </span>
    </p>

    <p class='ocr_par' dir='ltr' id='par_1_10' title="bbox 496 2262 1496 2328">
     <span class='ocr_line' id='line_1_18' title="bbox 496 2262 1496 2328; baseline 0.004 -17"><span class='ocrx_word' id='word_1_95' title='bbox 496 2262 561 2324; x_wconf 80' lang='lat'>(2)</span> <span class='ocrx_word' id='word_1_96' title='bbox 596 2262 755 2327; x_wconf 68' lang='lat' dir='ltr'>voye:</span> <span class='ocrx_word' id='word_1_97' title='bbox 784 2276 943 2326; x_wconf 74' lang='lat' dir='ltr'>supra</span> <span class='ocrx_word' id='word_1_98' title='bbox 973 2263 1169 2328; x_wconf 79' lang='lat' dir='ltr'>strophe</span> <span class='ocrx_word' id='word_1_99' title='bbox 1195 2268 1272 2323; x_wconf 86' lang='lat'>15,</span> <span class='ocrx_word' id='word_1_100' title='bbox 1302 2270 1420 2315; x_wconf 78' lang='lat' dir='ltr'>note</span> <span class='ocrx_word' id='word_1_101' title='bbox 1448 2266 1496 2315; x_wconf 80' lang='lat'>2.</span> 
     </span>
    </p>

    <p class='ocr_par' dir='ltr' id='par_1_11' title="bbox 430 2353 2386 3527">
     <span class='ocr_line' id='line_1_19' title="bbox 500 2353 2373 2420; baseline 0.001 -16"><span class='ocrx_word' id='word_1_102' title='bbox 500 2354 571 2419; x_wconf 78' lang='grc'>(3)</span> <span class='ocrx_word' id='word_1_103' title='bbox 606 2353 1037 2419; x_wconf 75' lang='lat' dir='ltr'>L&#39;Arithmetique.</span> <span class='ocrx_word' id='word_1_104' title='bbox 1074 2358 1322 2419; x_wconf 67' lang='lat' dir='ltr'>Lot-sque,</span> <span class='ocrx_word' id='word_1_105' title='bbox 1369 2355 1492 2406; x_wconf 82' lang='lat' dir='ltr'>dans</span> <span class='ocrx_word' id='word_1_106' title='bbox 1536 2355 1810 2407; x_wconf 76' lang='lat' dir='ltr'>Martianus</span> <span class='ocrx_word' id='word_1_107' title='bbox 1854 2354 2054 2420; x_wconf 76' lang='lat' dir='ltr'>Capella</span> <span class='ocrx_word' id='word_1_108' title='bbox 2105 2354 2212 2419; x_wconf 83' lang='lat' dir='ltr'>(lib.</span> <span class='ocrx_word' id='word_1_109' title='bbox 2259 2354 2373 2415; x_wconf 85' lang='lat' dir='ltr'>vu,</span> 
     </span>
     <span class='ocr_line' id='line_1_20' title="bbox 432 2447 2381 2515; baseline 0 -15"><span class='ocrx_word' id='word_1_110' title='bbox 432 2448 465 2514; x_wconf 74' lang='grc' dir='ltr'><strong>ς</strong></span> <span class='ocrx_word' id='word_1_111' title='bbox 486 2448 581 2500; x_wconf 75' lang='grc'>780</span> <span class='ocrx_word' id='word_1_112' title='bbox 602 2449 647 2514; x_wconf 85' lang='grc'>),</span> <span class='ocrx_word' id='word_1_113' title='bbox 681 2447 1076 2512; x_wconf 78' lang='lat' dir='ltr'>l’Arithmetique</span> <span class='ocrx_word' id='word_1_114' title='bbox 1113 2463 1165 2502; x_wconf 82' lang='lat' dir='ltr'>se</span> <span class='ocrx_word' id='word_1_115' title='bbox 1208 2452 1433 2515; x_wconf 69' lang='lat' dir='ltr'>presente</span> <span class='ocrx_word' id='word_1_116' title='bbox 1457 2450 1639 2503; x_wconf 79' lang='lat' dir='ltr'>devant</span> <span class='ocrx_word' id='word_1_117' title='bbox 1671 2450 1744 2502; x_wconf 70' lang='lat' dir='ltr'>les</span> <span class='ocrx_word' id='word_1_118' title='bbox 1767 2448 1925 2502; x_wconf 83' lang='lat' dir='ltr'>Dieux</span> <span class='ocrx_word' id='word_1_119' title='bbox 1968 2448 2255 2510; x_wconf 71' lang='lat' dir='ltr'>assembles,</span> <span class='ocrx_word' id='word_1_120' title='bbox 2287 2448 2381 2500; x_wconf 84' lang='lat' dir='ltr'>elle</span> 
     </span>
     <span class='ocr_line' id='line_1_21' title="bbox 430 2539 2382 2607; baseline 0.001 -17"><span class='ocrx_word' id='word_1_121' title='bbox 430 2539 687 2604; x_wconf 75' lang='lat' dir='ltr'>s&#39;exprime</span> <span class='ocrx_word' id='word_1_122' title='bbox 726 2555 789 2592; x_wconf 88' lang='lat' dir='ltr'>en</span> <span class='ocrx_word' id='word_1_123' title='bbox 830 2555 912 2592; x_wconf 78' lang='lat' dir='ltr'>ees</span> <span class='ocrx_word' id='word_1_124' title='bbox 946 2548 1154 2593; x_wconf 71' lang='lat' dir='ltr'>tei-mese</span> <span class='ocrx_word' id='word_1_125' title='bbox 1195 2560 1220 2590; x_wconf 77' lang='grc' dir='ltr'>ι</span> <span class='ocrx_word' id='word_1_126' title='bbox 1254 2546 1362 2594; x_wconf 89' lang='lat' dir='ltr'>Non</span> <span class='ocrx_word' id='word_1_127' title='bbox 1403 2543 1571 2607; x_wconf 74' lang='lat' dir='ltr'>ignota</span> <span class='ocrx_word' id='word_1_128' title='bbox 1605 2542 1756 2603; x_wconf 81' lang='lat' dir='ltr'>ooelo,</span> <span class='ocrx_word' id='word_1_129' title='bbox 1795 2555 1886 2592; x_wconf 82' lang='lat' dir='ltr'>nec</span> <span class='ocrx_word' id='word_1_130' title='bbox 1923 2543 2070 2593; x_wconf 78' lang='lat' dir='ltr'>rebus</span> <span class='ocrx_word' id='word_1_131' title='bbox 2117 2540 2382 2592; x_wconf 77' lang='lat' dir='ltr'>mundanis</span> 
     </span>
     <span class='ocr_line' id='line_1_22' title="bbox 432 2630 2382 2700; baseline 0.001 -17"><span class='ocrx_word' id='word_1_132' title='bbox 432 2632 655 2696; x_wconf 73' lang='lat' dir='ltr'>ignorata</span> <span class='ocrx_word' id='word_1_133' title='bbox 670 2667 686 2693; x_wconf 87' lang='lat'><strong>,</strong></span> <span class='ocrx_word' id='word_1_134' title='bbox 718 2647 847 2696; x_wconf 79' lang='lat' dir='ltr'><strong>quas</strong></span> <span class='ocrx_word' id='word_1_135' title='bbox 874 2634 1059 2697; x_wconf 77' lang='lat' dir='ltr'>genui,</span> <span class='ocrx_word' id='word_1_136' title='bbox 1100 2635 1275 2686; x_wconf 77' lang='lat' dir='ltr'>adveni</span> <span class='ocrx_word' id='word_1_137' title='bbox 1311 2647 1459 2700; x_wconf 86' lang='lat' dir='ltr'>super</span> <span class='ocrx_word' id='word_1_138' title='bbox 1490 2641 1707 2687; x_wconf 78' lang='lat' dir='ltr'>vestrum</span> <span class='ocrx_word' id='word_1_139' title='bbox 1734 2633 1933 2698; x_wconf 79' lang='lat' dir='ltr'>quidem</span> <span class='ocrx_word' id='word_1_140' title='bbox 1964 2633 2086 2684; x_wconf 84' lang='lat' dir='ltr'>nihil</span> <span class='ocrx_word' id='word_1_141' title='bbox 2120 2630 2382 2697; x_wconf 67' lang='lat' dir='ltr'>dedignata</span> 
     </span>
     <span class='ocr_line' id='line_1_23' title="bbox 434 2713 2383 2792; baseline -0.001 -16"><span class='ocrx_word' id='word_1_142' title='bbox 434 2725 725 2787; x_wconf 84' lang='lat' dir='ltr'>concilium,</span> <span class='ocrx_word' id='word_1_143' title='bbox 760 2726 985 2790; x_wconf 81' lang='lat' dir='ltr'>quamvis</span> <span class='ocrx_word' id='word_1_144' title='bbox 1020 2727 1237 2792; x_wconf 74' lang='lat' dir='ltr'>singulos</span> <span class='ocrx_word' id='word_1_145' title='bbox 1263 2742 1349 2780; x_wconf 80' lang='lat' dir='ltr'>vos</span> <span class='ocrx_word' id='word_1_146' title='bbox 1378 2727 1729 2790; x_wconf 83' lang='lat' dir='ltr'>universosque</span> <span class='ocrx_word' id='word_1_147' title='bbox 1762 2739 2038 2778; x_wconf 77' lang='lat' dir='ltr'>recenseam</span> <span class='ocrx_word' id='word_1_148' title='bbox 2060 2739 2120 2777; x_wconf 82' lang='lat' dir='ltr'>ex</span> <span class='ocrx_word' id='word_1_149' title='bbox 2144 2725 2266 2776; x_wconf 76' lang='lat' dir='ltr'>meis</span> <span class='ocrx_word' id='word_1_150' title='bbox 2299 2713 2383 2775; x_wconf 67' lang='grc' dir='ltr'>η’·</span> 
     </span>
     <span class='ocr_line' id='line_1_24' title="bbox 434 2818 2383 2885; baseline -0.001 -16"><span class='ocrx_word' id='word_1_151' title='bbox 434 2818 645 2870; x_wconf 83' lang='lat' dir='ltr'>malibus</span> <span class='ocrx_word' id='word_1_152' title='bbox 661 2819 967 2885; x_wconf 73' lang='lat' dir='ltr'>germinare3</span> <span class='ocrx_word' id='word_1_153' title='bbox 988 2826 1143 2883; x_wconf 86' lang='lat' dir='ltr'><strong>tuque</strong></span> <span class='ocrx_word' id='word_1_154' title='bbox 1177 2820 1481 2884; x_wconf 76' lang='lat' dir='ltr'>potissimum</span> <span class='ocrx_word' id='word_1_155' title='bbox 1498 2855 1511 2878; x_wconf 83' lang='lat'>‚</span> <span class='ocrx_word' id='word_1_156' title='bbox 1548 2833 1700 2882; x_wconf 84' lang='lat' dir='ltr'>quem</span> <span class='ocrx_word' id='word_1_157' title='bbox 1725 2818 2006 2883; x_wconf 83' lang='lat' dir='ltr'>principalis</span> <span class='ocrx_word' id='word_1_158' title='bbox 2039 2825 2153 2868; x_wconf 78' lang='lat' dir='ltr'>ante</span> <span class='ocrx_word' id='word_1_159' title='bbox 2181 2822 2383 2868; x_wconf 75' lang='lat' dir='ltr'>cunctas</span> 
     </span>
     <span class='ocr_line' id='line_1_25' title="bbox 435 2910 2376 2977; baseline -0.002 -15"><span class='ocrx_word' id='word_1_160' title='bbox 435 2911 709 2976; x_wconf 76' lang='lat' dir='ltr'>procreavit</span> <span class='ocrx_word' id='word_1_161' title='bbox 747 2912 943 2963; x_wconf 81' lang='lat' dir='ltr'>emissio</span> <span class='ocrx_word' id='word_1_162' title='bbox 958 2947 973 2972; x_wconf 85' lang='lat'>,</span> <span class='ocrx_word' id='word_1_163' title='bbox 1031 2918 1127 2962; x_wconf 77' lang='lat' dir='ltr'>tuae</span> <span class='ocrx_word' id='word_1_164' title='bbox 1173 2911 1433 2976; x_wconf 74' lang='lat' dir='ltr'>singularis</span> <span class='ocrx_word' id='word_1_165' title='bbox 1482 2912 1880 2977; x_wconf 71' lang='lat' dir='ltr'>primigeniaeque</span> <span class='ocrx_word' id='word_1_166' title='bbox 1925 2916 2115 2962; x_wconf 74' lang='lat' dir='ltr'>natum</span> <span class='ocrx_word' id='word_1_167' title='bbox 2163 2910 2345 2961; x_wconf 75' lang='lat' dir='ltr'>fontem</span> <span class='ocrx_word' id='word_1_168' title='bbox 2359 2942 2376 2969; x_wconf 89' lang='lat'>‚</span> 
     </span>
     <span class='ocr_line' id='line_1_26' title="bbox 436 3002 2382 3066; baseline 0 -14"><span class='ocrx_word' id='word_1_169' title='bbox 436 3002 653 3066; x_wconf 80' lang='lat' dir='ltr'>Jupiter,</span> <span class='ocrx_word' id='word_1_170' title='bbox 684 3014 1011 3066; x_wconf 71' lang='lat' dir='ltr'>recognosce3</span> <span class='ocrx_word' id='word_1_171' title='bbox 1043 3035 1190 3055; x_wconf 88' lang='grc'><strong>.....</strong></span> <span class='ocrx_word' id='word_1_172' title='bbox 1228 3004 1351 3064; x_wconf 68' lang='lat' dir='ltr'>Qun</span> <span class='ocrx_word' id='word_1_173' title='bbox 1394 3017 1551 3066; x_wconf 80' lang='lat' dir='ltr'><strong>quum</strong></span> <span class='ocrx_word' id='word_1_174' title='bbox 1594 3003 1646 3054; x_wconf 92' lang='lat' dir='ltr'>in</span> <span class='ocrx_word' id='word_1_175' title='bbox 1680 3003 1822 3054; x_wconf 79' lang='lat' dir='ltr'>terris</span> <span class='ocrx_word' id='word_1_176' title='bbox 1853 3016 2101 3063; x_wconf 78' lang='lat' dir='ltr'>exerceor,</span> <span class='ocrx_word' id='word_1_177' title='bbox 2139 3008 2382 3053; x_wconf 70' lang='lat' dir='ltr'>astrorum</span> 
     </span>
     <span class='ocr_line' id='line_1_27' title="bbox 436 3094 2383 3159; baseline 0.001 -15"><span class='ocrx_word' id='word_1_178' title='bbox 436 3094 649 3159; x_wconf 78' lang='lat' dir='ltr'>populus</span> <span class='ocrx_word' id='word_1_179' title='bbox 688 3102 1001 3158; x_wconf 71' lang='lat' dir='ltr'>recognoscat</span> <span class='ocrx_word' id='word_1_180' title='bbox 1036 3095 1373 3146; x_wconf 78' lang='lat' dir='ltr'>honorandam</span> <span class='ocrx_word' id='word_1_181' title='bbox 1412 3110 1511 3147; x_wconf 74' lang='lat' dir='ltr'>suae</span> <span class='ocrx_word' id='word_1_182' title='bbox 1554 3095 1885 3147; x_wconf 75' lang='lat' dir='ltr'>multitudinis</span> <span class='ocrx_word' id='word_1_183' title='bbox 1926 3094 2226 3159; x_wconf 75' lang='lat' dir='ltr'>genitricem.</span> <span class='ocrx_word' id='word_1_184' title='bbox 2262 3114 2283 3137; x_wconf 88' lang='lat'><strong>·</strong></span> <span class='ocrx_word' id='word_1_185' title='bbox 2319 3117 2383 3132; x_wconf 81' lang='lat'><em>-</em></span> 
     </span>
     <span class='ocr_line' id='line_1_28' title="bbox 437 3184 2386 3250; baseline -0.001 -14"><span class='ocrx_word' id='word_1_186' title='bbox 437 3186 580 3236; x_wconf 87' lang='lat' dir='ltr'>Selon</span> <span class='ocrx_word' id='word_1_187' title='bbox 607 3185 781 3236; x_wconf 79' lang='lat' dir='ltr'>Platon</span> <span class='ocrx_word' id='word_1_188' title='bbox 812 3186 1000 3249; x_wconf 57' lang='grc' dir='ltr'><strong>(ναῖοι</strong></span> <span class='ocrx_word' id='word_1_189' title='bbox 1022 3186 1328 3250; x_wconf 78' lang='lat' dir='ltr'>l’Epiuomis,</span> <span class='ocrx_word' id='word_1_190' title='bbox 1355 3187 1471 3238; x_wconf 77' lang='lat' dir='ltr'>edit.</span> <span class='ocrx_word' id='word_1_191' title='bbox 1502 3186 1766 3247; x_wconf 81' lang='lat' dir='ltr'>Ruhnken,</span> <span class='ocrx_word' id='word_1_192' title='bbox 1787 3193 1822 3237; x_wconf 83' lang='lat' dir='ltr'>t.</span> <span class='ocrx_word' id='word_1_193' title='bbox 1846 3187 1925 3246; x_wconf 82' lang='lat' dir='ltr'>vl,</span> <span class='ocrx_word' id='word_1_194' title='bbox 1952 3199 2002 3250; x_wconf 82' lang='lat' dir='ltr'>p.</span> <span class='ocrx_word' id='word_1_195' title='bbox 2032 3188 2168 3247; x_wconf 78' lang='grc'><strong>482),</strong></span> <span class='ocrx_word' id='word_1_196' title='bbox 2191 3184 2386 3236; x_wconf 76' lang='lat' dir='ltr'>l’Arith·</span> 
     </span>
     <span class='ocr_line' id='line_1_29' title="bbox 438 3273 2386 3341; baseline -0.002 -14"><span class='ocrx_word' id='word_1_197' title='bbox 438 3277 656 3340; x_wconf 76' lang='lat' dir='ltr'>metique</span> <span class='ocrx_word' id='word_1_198' title='bbox 685 3283 761 3328; x_wconf 79' lang='lat' dir='ltr'>est</span> <span class='ocrx_word' id='word_1_199' title='bbox 789 3291 859 3327; x_wconf 90' lang='lat' dir='ltr'>un</span> <span class='ocrx_word' id='word_1_200' title='bbox 896 3277 997 3328; x_wconf 84' lang='lat' dir='ltr'>don</span> <span class='ocrx_word' id='word_1_201' title='bbox 1035 3278 1099 3329; x_wconf 87' lang='lat' dir='ltr'>de</span> <span class='ocrx_word' id='word_1_202' title='bbox 1130 3278 1286 3338; x_wconf 68' lang='lat' dir='ltr'>Diem</span> <span class='ocrx_word' id='word_1_203' title='bbox 1324 3292 1388 3328; x_wconf 92' lang='lat' dir='ltr'>on</span> <span class='ocrx_word' id='word_1_204' title='bbox 1416 3291 1481 3328; x_wconf 88' lang='lat' dir='ltr'>ne</span> <span class='ocrx_word' id='word_1_205' title='bbox 1519 3283 1641 3341; x_wconf 80' lang='lat' dir='ltr'>peut</span> <span class='ocrx_word' id='word_1_206' title='bbox 1668 3279 1772 3328; x_wconf 74' lang='lat' dir='ltr'>eti-e</span> <span class='ocrx_word' id='word_1_207' title='bbox 1802 3290 1914 3327; x_wconf 75' lang='lat' dir='ltr'>sans</span> <span class='ocrx_word' id='word_1_208' title='bbox 1948 3276 2042 3326; x_wconf 89' lang='lat' dir='ltr'>elle</span> <span class='ocrx_word' id='word_1_209' title='bbox 2075 3276 2128 3327; x_wconf 89' lang='lat' dir='ltr'>ni</span> <span class='ocrx_word' id='word_1_210' title='bbox 2161 3289 2299 3340; x_wconf 70' lang='lat' dir='ltr'>suge,</span> <span class='ocrx_word' id='word_1_211' title='bbox 2329 3273 2386 3326; x_wconf 89' lang='lat' dir='ltr'>ni</span> 
     </span>
     <span class='ocr_line' id='line_1_30' title="bbox 439 3367 2380 3433; baseline 0 -15"><span class='ocrx_word' id='word_1_212' title='bbox 439 3369 733 3432; x_wconf 77' lang='lat' dir='ltr'>intelligent,</span> <span class='ocrx_word' id='word_1_213' title='bbox 784 3369 836 3418; x_wconf 88' lang='lat' dir='ltr'>ni</span> <span class='ocrx_word' id='word_1_214' title='bbox 881 3376 1136 3421; x_wconf 80' lang='lat' dir='ltr'>vertueux.</span> <span class='ocrx_word' id='word_1_215' title='bbox 1172 3370 1249 3421; x_wconf 72' lang='lat' dir='ltr'>Cf.</span> <span class='ocrx_word' id='word_1_216' title='bbox 1288 3370 1456 3422; x_wconf 75' lang='lat' dir='ltr'>Theon</span> <span class='ocrx_word' id='word_1_217' title='bbox 1476 3370 1539 3421; x_wconf 89' lang='lat' dir='ltr'>de</span> <span class='ocrx_word' id='word_1_218' title='bbox 1564 3371 1794 3433; x_wconf 73' lang='lat' dir='ltr'>Smyr-ne,</span> <span class='ocrx_word' id='word_1_219' title='bbox 1833 3367 2197 3428; x_wconf 67' lang='lat' dir='ltr'>mathematica,</span> <span class='ocrx_word' id='word_1_220' title='bbox 2231 3382 2284 3420; x_wconf 86' lang='lat' dir='ltr'>c.</span> <span class='ocrx_word' id='word_1_221' title='bbox 2316 3372 2343 3418; x_wconf 83' lang='lat'><strong>1</strong></span> <span class='ocrx_word' id='word_1_222' title='bbox 2365 3405 2380 3430; x_wconf 86' lang='lat'><strong>,</strong></span> 
     </span>
     <span class='ocr_line' id='line_1_31' title="bbox 439 3460 1833 3527; baseline 0 -15"><span class='ocrx_word' id='word_1_223' title='bbox 439 3461 556 3512; x_wconf 72' lang='lat' dir='ltr'>edit.</span> <span class='ocrx_word' id='word_1_224' title='bbox 588 3461 769 3512; x_wconf 72' lang='lat' dir='ltr'>ismael</span> <span class='ocrx_word' id='word_1_225' title='bbox 792 3460 1043 3522; x_wconf 78' lang='lat' dir='ltr'>Bulliard3</span> <span class='ocrx_word' id='word_1_226' title='bbox 1076 3463 1233 3524; x_wconf 82' lang='lat' dir='ltr'>Paris,</span> <span class='ocrx_word' id='word_1_227' title='bbox 1264 3465 1407 3522; x_wconf 81' lang='grc'><strong>1644,</strong></span> <span class='ocrx_word' id='word_1_228' title='bbox 1435 3477 1482 3527; x_wconf 87' lang='lat' dir='ltr'>p.</span> <span class='ocrx_word' id='word_1_229' title='bbox 1520 3465 1567 3522; x_wconf 86' lang='grc'>8,</span> <span class='ocrx_word' id='word_1_230' title='bbox 1597 3465 1627 3513; x_wconf 87' lang='grc'>9</span> <span class='ocrx_word' id='word_1_231' title='bbox 1648 3467 1700 3512; x_wconf 86' lang='lat' dir='ltr'>et</span> <span class='ocrx_word' id='word_1_232' title='bbox 1721 3464 1833 3513; x_wconf 76' lang='lat'><strong>207.</strong></span> 
     </span>
    </p>

    <p class='ocr_par' dir='ltr' id='par_1_12' title="bbox 439 3552 2385 3904">
     <span class='ocr_line' id='line_1_32' title="bbox 506 3552 2385 3619; baseline -0.001 -13"><span class='ocrx_word' id='word_1_233' title='bbox 506 3552 581 3617; x_wconf 89' lang='grc'>(4)</span> <span class='ocrx_word' id='word_1_234' title='bbox 618 3555 688 3604; x_wconf 74' lang='lat' dir='ltr'>La</span> <span class='ocrx_word' id='word_1_235' title='bbox 734 3554 973 3617; x_wconf 80' lang='lat' dir='ltr'>Musique.</span> <span class='ocrx_word' id='word_1_236' title='bbox 1016 3556 1091 3605; x_wconf 87' lang='lat' dir='ltr'>En</span> <span class='ocrx_word' id='word_1_237' title='bbox 1123 3568 1321 3619; x_wconf 75' lang='lat' dir='ltr'>mar-ge:</span> <span class='ocrx_word' id='word_1_238' title='bbox 1369 3554 1501 3605; x_wconf 81' lang='lat' dir='ltr'>Nota</span> <span class='ocrx_word' id='word_1_239' title='bbox 1547 3554 1761 3604; x_wconf 82' lang='lat' dir='ltr'>animam</span> <span class='ocrx_word' id='word_1_240' title='bbox 1799 3555 2063 3604; x_wconf 73' lang='lat' dir='ltr'>humanam</span> <span class='ocrx_word' id='word_1_241' title='bbox 2098 3554 2150 3603; x_wconf 78' lang='lat' dir='ltr'>in</span> <span class='ocrx_word' id='word_1_242' title='bbox 2189 3553 2385 3604; x_wconf 71' lang='lat' dir='ltr'>musicis</span> 
     </span>
     <span class='ocr_line' id='line_1_33' title="bbox 439 3647 2385 3716; baseline 0.003 -22"><span class='ocrx_word' id='word_1_243' title='bbox 439 3648 841 3711; x_wconf 71' lang='lat' dir='ltr'>proportionibus</span> <span class='ocrx_word' id='word_1_244' title='bbox 862 3658 1095 3702; x_wconf 65' lang='lat' dir='ltr'>manaan.</span> <span class='ocrx_word' id='word_1_245' title='bbox 1125 3676 1194 3689; x_wconf 94' lang='lat'><em>-</em></span> <span class='ocrx_word' id='word_1_246' title='bbox 1224 3671 1245 3695; x_wconf 77' lang='grc' dir='ltr'>ι</span> <span class='ocrx_word' id='word_1_247' title='bbox 1284 3650 1409 3702; x_wconf 78' lang='lat' dir='ltr'>uino</span> <span class='ocrx_word' id='word_1_248' title='bbox 1447 3651 1585 3702; x_wconf 73' lang='lat' dir='ltr'>Plato</span> <span class='ocrx_word' id='word_1_249' title='bbox 1602 3685 1615 3711; x_wconf 87' lang='lat'><strong>‚</strong></span> <span class='ocrx_word' id='word_1_250' title='bbox 1663 3657 1926 3716; x_wconf 77' lang='lat' dir='ltr'>postquam</span> <span class='ocrx_word' id='word_1_251' title='bbox 1962 3655 2013 3699; x_wconf 85' lang='lat' dir='ltr'>et</span> <span class='ocrx_word' id='word_1_252' title='bbox 2054 3647 2385 3714; x_wconf 64' lang='lat' dir='ltr'>Pythagorica</span> 
     </span>
     <span class='ocr_line' id='line_1_34' title="bbox 441 3738 2382 3807; baseline 0 -18"><span class='ocrx_word' id='word_1_253' title='bbox 441 3738 745 3790; x_wconf 71' lang='lat' dir='ltr'>successione</span> <span class='ocrx_word' id='word_1_254' title='bbox 776 3740 1009 3791; x_wconf 64' lang='lat' dir='ltr'>doctrine</span> <span class='ocrx_word' id='word_1_255' title='bbox 1036 3747 1086 3792; x_wconf 86' lang='lat' dir='ltr'>et</span> <span class='ocrx_word' id='word_1_256' title='bbox 1112 3741 1295 3806; x_wconf 72' lang='lat' dir='ltr'>ingenii</span> <span class='ocrx_word' id='word_1_257' title='bbox 1329 3742 1512 3807; x_wconf 81' lang='lat' dir='ltr'>proprii</span> <span class='ocrx_word' id='word_1_258' title='bbox 1543 3741 1708 3793; x_wconf 79' lang='lat' dir='ltr'>divina</span> <span class='ocrx_word' id='word_1_259' title='bbox 1760 3740 2092 3806; x_wconf 73' lang='lat' dir='ltr'>profunditate</span> <span class='ocrx_word' id='word_1_260' title='bbox 2126 3740 2352 3805; x_wconf 71' lang='lat' dir='ltr'>cognovit</span> <span class='ocrx_word' id='word_1_261' title='bbox 2367 3773 2382 3800; x_wconf 88' lang='lat'>,</span> 
     </span>
     <span class='ocr_line' id='line_1_35' title="bbox 441 3830 2383 3904; baseline 0.003 -25"><span class='ocrx_word' id='word_1_262' title='bbox 441 3830 625 3880; x_wconf 77' lang='lat' dir='ltr'>nullam</span> <span class='ocrx_word' id='word_1_263' title='bbox 646 3845 751 3883; x_wconf 74' lang='lat' dir='ltr'>esse</span> <span class='ocrx_word' id='word_1_264' title='bbox 772 3846 912 3897; x_wconf 82' lang='lat' dir='ltr'>posse</span> <span class='ocrx_word' id='word_1_265' title='bbox 938 3833 1041 3885; x_wconf 77' lang='lat' dir='ltr'>sine</span> <span class='ocrx_word' id='word_1_266' title='bbox 1069 3835 1144 3886; x_wconf 76' lang='lat' dir='ltr'>his</span> <span class='ocrx_word' id='word_1_267' title='bbox 1173 3835 1390 3886; x_wconf 76' lang='lat' dir='ltr'>numeris</span> <span class='ocrx_word' id='word_1_268' title='bbox 1411 3834 1678 3900; x_wconf 75' lang='lat' dir='ltr'>jugabilem</span> <span class='ocrx_word' id='word_1_269' title='bbox 1699 3831 2095 3896; x_wconf 79' lang='lat' dir='ltr'>competentiam,</span> <span class='ocrx_word' id='word_1_270' title='bbox 2119 3832 2173 3904; x_wconf 83' lang='lat' dir='ltr'>in</span> <span class='ocrx_word' id='word_1_271' title='bbox 2203 3832 2383 3884; x_wconf 79' lang='lat' dir='ltr'>Timaeo</span> 
     </span>
    </p>
   </div>
   <div class='ocr_carea' id='block_1_10' title="bbox 2539 3 3126 18">
    <p class='ocr_par' dir='ltr' id='par_1_13' title="bbox 2539 3 3126 18">
     <span class='ocr_line' id='line_1_36' title="bbox 2539 3 3126 18; baseline 0 0"><span class='ocrx_word' id='word_1_272' title='bbox 2539 3 3126 18; x_wconf 95' lang='lat' dir='ltr'> </span> 
     </span>
    </p>
   </div>
  </div>
 </body>
</html>
