3166 4952
1590 410 1790 492 ...234
1834 444 1914 459 .-

781 572 878 632 40.
919 601 992 614 -
1020 569 1179 630 Nam
1207 567 1475 630 luctator
1512 575 1807 631 strenuus
1835 568 2033 650 diligit
2074 569 2203 632 luct
2260 601 2271 622 x

1023 673 1150 736 Nec
1204 671 1499 749 dignatur
1551 673 1779 753 poculo
1842 673 1963 734 nisi
2017 673 2203 735 dimit:
2255 654 2281 762 ἶ

1020 779 1159 859 Ipse
1177 798 1426 860 quoque
1442 779 1696 842 dimicat
1718 785 1934 843 contra
1956 796 2203 860 repugn
2256 737 2472 964 Sama

1024 887 1096 948 Et
1123 886 1204 948 ad
1249 887 1417 948 idem
1469 886 1748 948 studium
1796 893 1975 948 vocat
2023 887 2206 965 ignor

1021 1122 1096 1184 Et
1147 1122 1231 1182 ad
1303 1123 1667 1185 exercitium
1731 1129 2025 1203 preparat
2079 1141 2162 1204 ag
2200 1169 2215 1184 .
2268 1169 2283 1184 .

1018 1229 1144 1294 Illis
1223 1231 1419 1293 donat
1507 1231 1752 1311 gladios
1824 1232 2149 1311 oppositi.
2201 1275 2219 1295 .
2268 1279 2284 1294 .

779 1018 875 1080 41.
919 1017 1272 1081 —Instruit
1345 1019 1669 1100 ingenium
1742 1018 1930 1081 validi
1989 1026 2090 1100 tyr
2131 1065 2144 1080 .
2199 1065 2212 1080 .
2273 1064 2287 1080 .

2342 1045 2525 1408 }onis

1021 1338 1128 1398 His
1158 1357 1192 1400 e
1221 1343 1436 1400 contra
1466 1337 1736 1418 clipeum
1768 1338 1875 1400 dat
1900 1337 1985 1418 (1)
2008 1337 2296 1418 responsi

1023 1574 1440 1650 Sillogismos,
1491 1574 1766 1653 triplices
1812 1573 2199 1655 precontexti

1021 1678 1218 1752 Texit‚
1244 1684 1502 1739 nectens
1539 1677 1855 1756 simplices
1900 1676 2200 1757 propositi

779 1474 882 1531 42.
913 1471 1138 1532 —Dat
1203 1469 1427 1532 loricas
1492 1470 1732 1532 ferreas
1797 1469 2014 1532 firmas
2079 1470 2197 1531 rati

2250 1476 2445 1842 gones

1023 1783 1289 1843 Nectens
1318 1781 1709 1862 ypotheticas
1743 1782 1826 1859 (2)
1873 1779 2200 1860 compositi

780 1918 877 1978 43.
917 1949 992 1961 -
1027 1915 1213 1977 Addit
1264 1916 1354 1976 eis
1427 1915 1687 1994 insuper
1745 1915 1993 1994 copiam
2048 1914 2134 1975 iel
2175 1960 2189 1976 .

1022 2023 1112 2084 De
1167 2021 1617 2100 periermenias
1666 2021 1753 2100 (3)
1802 2020 1943 2082 luco
1999 2019 2202 2081 succis
2254 1937 2281 2098 >

1022 2129 1111 2189 De
1175 2128 1315 2187 rudi
1389 2127 1650 2188 materia
1712 2127 1797 2205 (4)
1868 2127 2137 2187 analetic
2178 2171 2193 2188 .

2296 2095 2471 2139 orum

1022 2235 1112 2296 De
1169 2234 1414 2294 silvosis
1464 2234 1658 2295 etiam
1705 2233 1859 2294 locis
1904 2233 2071 2312 topic
2118 2277 2134 2295 .
2187 2278 2202 2295 .
2257 2100 2287 2302 5

855 2418 922 2479 (l)
960 2416 1091 2464 Pour
1131 2430 1187 2465 ce
1219 2418 1378 2480 qlaive
1414 2417 1472 2465 de
1508 2417 1819 2479 l’opposieion
1860 2423 1911 2466 et
1952 2430 2009 2465 ce
2056 2416 2271 2464 boucln'er·
2305 2417 2365 2464 de
2410 2416 2461 2463 Ia
2504 2420 2729 2476 repone,

779 2522 926 2571 voyez
948 2509 1071 2558 dans
1103 2510 1283 2567 nosce,
1321 2525 1408 2559 sur
1430 2510 1499 2559 les
1540 2510 1777 2574 Topo‘ques
1798 2508 2086 2567 d’Arislote‚
2115 2509 2195 2558 liv.
2226 2510 2366 2564 vm.
2400 2508 2467 2557 les
2488 2507 2734 2569 chapitoes

779 2614 847 2657 n,
876 2615 934 2647 ιιι
957 2605 1008 2649 et
1037 2615 1090 2657 v,
1138 2600 1390 2651 intitules:
1438 2600 1481 2649 le
1524 2606 1578 2650 2²
1601 2637 1616 2659 ‚
1662 2602 1766 2651 Pro
1800 2604 2123 2651 instructione
2164 2600 2538 2664 respondentis,-
2578 2601 2624 2650 le
2659 2604 2729 2661 3²,

783 2690 894 2740 Loci
918 2707 1010 2754 pro
1040 2693 1386 2754 respondente,
1413 2700 1463 2742 et
1485 2693 1531 2743 le
1555 2698 1625 2751 5²,
1656 2694 1757 2742 Pro
1780 2704 2045 2756 opponente
2068 2703 2113 2742 el
2146 2694 2461 2756 respondente
2490 2695 2583 2742 loci
2606 2709 2737 2742 com-

777 2799 960 2834 munes.
995 2785 1068 2834 Cf.
1096 2786 1556 2843 Albert-le·Grand‚
1587 2787 1709 2835 dans
1731 2787 1802 2836 les
1824 2787 2041 2836 OEuvres
2068 2786 2357 2847 completa,
2405 2791 2439 2834 t.
2486 2788 2539 2846 1,
2593 2787 2740 2849 Topi-

779 2890 978 2932 corum,
1003 2874 1088 2924 lib.
1121 2877 1256 2934 vin,
1294 2882 1488 2925 tractat.
1517 2893 1585 2935 ιι,
1628 2891 1675 2939 p.
1712 2880 1807 2926 827
1827 2912 1842 2934 ,
1878 2878 1950 2925 De
1983 2878 2305 2927 instructione
2332 2878 2667 2939 respondentis
2691 2887 2739 2925 et

777 2968 835 3014 de
858 2967 999 3015 modo
1026 2967 1382 3029 respondendi,
1423 2974 1474 3016 et
1497 2970 1656 3016 meme
1684 2966 1905 3025 volume,
1952 2966 2311 3026 Elenclwrum,
2335 2966 2423 3017 lib.
2451 2969 2474 3016 1
2497 3003 2511 3028 ,
2537 2972 2715 3017 tractat

777 3071 845 3107 vn
865 3092 879 3115 ‚
923 3058 996 3107 De
1019 3057 1222 3108 cautelis
1249 3058 1563 3108 observandis
1582 3058 1882 3120 opponenti,
1910 3071 1960 3121 p.
1989 3060 2103 3109 918.

843 3150 914 3212 (2)
969 3149 1066 3197 Sur
1097 3148 1168 3198 les
1208 3147 1508 3212 syllogismes
1563 3148 1941 3211 hypothetiques
1972 3163 2117 3212 voyez
2158 3150 2398 3210 Aristum,
2446 3151 2718 3205 premieres

777 3240 1127 3305 analytiques,
1161 3240 1326 3300 lib.1‚
1363 3257 1410 3291 c.
1438 3244 1531 3300 293
1569 3241 1617 3290 le
1639 3240 2003 3291 commentaire
2044 3240 2107 3291 de
2145 3244 2299 3294 Boe'ce
2339 3260 2427 3294 sur
2462 3259 2518 3296 ce
2548 3246 2698 3298 traite
2723 3284 2738 3309 ,

776 3347 821 3382 c.
847 3336 939 3391 23,
971 3340 1019 3383 el
1046 3333 1089 3382 la
1116 3332 1325 3398 Loqique
1346 3334 1404 3382 de
1430 3334 1733 3397 Pori-Royu!
1755 3370 1769 3390 ,
1800 3339 1930 3395 part.
1956 3335 2025 3383 ΙΙΙ
2042 3369 2056 3392 ,
2088 3348 2131 3384 c.
2164 3339 2244 3385 13.

842 3432 910 3495 (3,·
948 3434 1019 3481 Le
1044 3432 1188 3482 truite
1222 3423 1355 3506 Περὶ
1385 3423 1697 3505 Ερμηνεῖας
1730 3434 1995 3497 compi-end
2030 3434 2077 3484 la
2102 3435 2324 3488 doctrine
2358 3438 2619 3491 d’Aristote
2647 3458 2705 3493 su

773 3531 820 3581 le
849 3530 1070 3593 langage.
1118 3530 1289 3592 Voyez,
1326 3543 1411 3578 sur
1431 3542 1489 3578 ce
1519 3547 1541 3574 ι
1575 3530 1728 3580 Liber
1763 3532 2201 3585 periermeniarum
2231 3538 2303 3585 vel
2351 3538 2516 3601 polius
2548 3540 2713 3591 Perier

773 3623 962 3674 menies
996 3641 1042 3680 ι,
1068 3624 1188 3671 Jean
1211 3622 1274 3671 de
1307 3621 1578 3684 Salisbury.
1614 3622 1958 3687 Μειαὶορίειιε,
1994 3626 2076 3676 lib.
2106 3629 2203 3687 111,
2234 3645 2276 3680 c.
2309 3636 2354 3683 ll.

842 3716 902 3778 (li)
937 3718 1032 3768 Les
1054 3712 1396 3779 Analytiques,
1423 3716 1544 3766 dont
1564 3729 1692 3778 pour
1714 3716 1761 3765 la
1784 3718 1993 3768 seconde
2018 3719 2107 3771 lois
2135 3728 2277 3773 notre
2305 3724 2576 3775 manuscrit
2602 3727 2726 3778 defi-

775 3831 898 3893 gure-
920 3819 965 3869 le
991 3834 1102 3869 nom
1119 3855 1132 3880 ,
1160 3792 1428 3890 entraient,
1455 3832 1652 3871 comme
1678 3834 1741 3871 on
1766 3820 1860 3872 sait
1878 3859 1891 3882 ,
1918 3822 2046 3872 ainsi
2075 3837 2175 3885 que
2204 3824 2251 3874 le
2269 3815 2404 3898 Περὶ
2434 3816 2750 3900 Ερμηνείας
