3166 4952
1203 447 1522 506 *53—

633 705 1230 789 Dyathessaronicas
1300 710 1387 790 (3)
1448 713 1715 792 epytrite
1782 713 1825 774 d
1864 759 1882 779 .
1934 760 1949 777 .

637 815 756 876 Per
800 815 1024 896 duplas
1073 817 1398 897 dyapason
1432 818 1517 899 (4)
1567 818 1826 883 cursitat
1863 820 1962 883 vel

391 606 490 666 91.
528 637 604 648 —
630 603 757 666 Illic
777 603 1185 684 dyapenticas
1207 604 1294 684 (1)
1315 604 1422 668 dat
1442 606 1793 685 sesqualter
1814 606 1899 686 (2)
1924 626 1960 668 v

2003 610 2029 952 ξ
2053 784 2198 829 oces

635 923 791 986 Hinc
813 931 1262 987 mansuescunt
1282 925 1472 986 animi
1495 927 1842 1006 quamlibet
1867 927 1964 990 fer

639 1220 843 1298 Atque
871 1235 1159 1300 gressum
1195 1217 1432 1281 faciunt
1467 1218 1820 1282 molliorem

640 1322 880 1385 Saltant
905 1322 1074 1385 leves
1105 1323 1307 1400 satiri,
1333 1324 1560 1386 saltant
1589 1331 1651 1386 et
1677 1342 1817 1386 com

396 1114 490 1174 92.
530 1147 608 1158 —
637 1111 932 1174 Assident
949 1112 1056 1192 qui
1084 1111 1314 1174 fidibus
1336 1119 1570 1176 canunt
1600 1114 1820 1195 cythar

1858 1120 1886 1460 ξ
1910 1276 2012 1338 edi

645 1429 961 1492 Coturnati
1005 1429 1256 1510 gravius
1310 1430 1636 1491 ambulant
1681 1435 1821 1510 trag

643 1718 971 1782 Dimetitur
1027 1719 1308 1799 quelibet
1377 1721 1504 1782 alta
1529 1767 1545 1795 ,
1618 1721 1846 1800 longa,
1904 1721 1970 1801 pl

640 1822 839 1885 Nichil
883 1823 1207 1904 diligentia
1252 1824 1512 1903 preterit
1548 1824 1699 1885 hum
1745 1870 1760 1887 .
1820 1869 1833 1886 .
1881 1870 1896 1887 .

400 1617 498 1678 93.
531 1645 609 1660 -
637 1613 892 1676 Tercius
915 1613 1000 1694 (5)
1023 1615 1448 1694 pertransiens
1479 1615 1672 1676 valles
1702 1620 1763 1677 et
1792 1621 1970 1677 mont

643 1927 980 2006 Investigat
1029 1927 1222 1989 etiam
1265 1927 1462 2007 spatia
1509 1926 1709 1989 mund
1758 1972 1772 1989 .
1820 1975 1834 1990 .
1891 1973 1903 1988 .
1958 1974 1970 1989 .

645 2217 904 2281 infinitis
951 2217 1214 2280 ductiles
1260 2218 1442 2280 lineis
1472 2217 1561 2299 fig
1604 2263 1619 2280 .
1675 2263 1689 2278 .
1736 2264 1750 2279 .
1802 2264 1817 2279 .

649 2323 946 2398 CircuIOS,
970 2323 1316 2402 triangulos
1337 2329 1526 2402 atque
1557 2321 1829 2402 quadrat

404 2116 499 2176 94.
538 2145 617 2158 -
647 2112 948 2174 Cerneres
1019 2112 1080 2172 in
1154 2112 1375 2174 sabulo
1432 2112 1638 2174 varias
1704 2113 1830 2193 pict

1868 2121 2047 2463 goras

648 2428 882 2501 Quibus
903 2428 1312 2493 adinveniunt
1331 2428 1615 2491 omnium
1645 2445 1824 2491 mens

475 2678 548 2751 (1)
593 2700 616 2730 α
650 2680 758 2733 Alia
797 2681 1086 2745 symphonia
1127 2680 1352 2743 quinaria
1389 2687 1490 2741 est,
1535 2686 1587 2731 et
1632 2679 1811 2730 dicitur
1852 2670 1942 2731 διὰ
1968 2670 2134 2731 πέντε
2158 2716 2175 2749 ,
2207 2684 2357 2741 atque

405 2790 596 2837 constat
627 2783 758 2835 sonis
781 2782 1017 2844 quinque,
1049 2780 1137 2841 qui
1163 2780 1292 2831 inter
1319 2794 1370 2831 se
1397 2788 1614 2843 quatuor
1646 2779 1815 2843 spatiis
1838 2778 2137 2830 dividuntur.
2166 2795 2189 2825 ι
2227 2780 2359 2829 Mar·-

404 2879 570 2929 tianus
602 2874 816 2940 Capella,
844 2872 962 2924 edit.
994 2874 1157 2937 Kopp‚
1184 2872 1271 2923 lib.
1299 2874 1381 2934 lx,
1416 2872 1448 2937 S
1472 2876 1588 2926 9311.

473 2970 540 3033 (2)
577 2967 864 3033 sesqualter
897 2980 1025 3029 pour
1057 2966 1377 3030 sesquialter-3
1413 2966 1617 3015 nombre
1642 2964 1730 3028 qui
1766 2979 1829 3015 en
1864 2965 2080 3015 contient
2117 2978 2185 3014 un
2219 2970 2359 3014 autre

405 3073 504 3111 une
535 3058 626 3111 fois
649 3066 697 3109 et
724 3057 970 3107 demie.—
997 3073 1019 3102 ι
1049 3056 1384 3120 sesquialtera
1405 3054 1657 3119 proportio
1690 3054 1743 3103 in
1772 3053 2095 3116 arithmetica,
2133 3055 2359 3117 diapente

405 3158 607 3204 vocatur
628 3150 680 3199 in
706 3148 908 3199 musica.
937 3167 960 3194 ι»
999 3146 1274 3197 Martianus
1306 3147 1519 3211 Capella,
1559 3147 1643 3199 lib.
1671 3149 1711 3206 1,
1740 3146 1772 3210 S
1796 3151 1875 3206 11,
1915 3160 1977 3197 en
2016 3152 2146 3197 note.

474 3244 548 3309 (3)
593 3261 616 3289 ι
647 3245 768 3293 Tres
801 3241 863 3291 ad
903 3247 1115 3303 quatuor
1147 3240 1376 3303 epitritus
1415 3240 1657 3290 vocitatur
1696 3238 2000 3290 arithmetica
2040 3238 2258 3298 ratione,
2298 3252 2359 3289 ac

405 3338 711 3387 diatessaron
741 3333 1023 3397 perhibetur
1045 3332 1095 3379 in
1118 3331 1330 3382 musicis.
1353 3348 1376 3379 a
1414 3332 1683 3382 Martianus
1713 3328 1927 3394 Capella,
1954 3329 2042 3379 lib.
2067 3330 2139 3388 11,
2171 3327 2203 3391 S
2240 3331 2355 3380 107.

473 3431 542 3495 (ιι)
588 3446 610 3475 ιι
647 3427 898 3489 Diapason
925 3438 1072 3475 sonos
1098 3425 1244 3474 habet
1266 3431 1402 3482 octo,
1443 3423 1599 3487 spatia
1630 3430 1833 3486 septem,
1865 3430 2007 3471 tonos
2031 3410 2131 3471 s'ex.
2170 3437 2193 3467 ι
2230 3422 2361 3471 Mar-

405 3522 570 3573 tianus
612 3518 845 3583 Capella,
882 3517 966 3567 lib.
999 3518 1092 3575 lx,
1135 3515 1166 3579 S
1202 3519 1314 3565 95-1.
1345 3516 1529 3578 -ΟΕ,
1572 3530 1699 3579 pour
1738 3514 1849 3579 plus
1882 3513 2362 3565 d’eclaircissements

404 3612 739 3666 relativement
780 3612 808 3659 a
843 3616 954 3660 tous
993 3623 1074 3659 ces
1117 3616 1293 3659 termes
1332 3606 1394 3658 de
1427 3607 1475 3657 la
1515 3608 1697 3671 langue
1736 3607 1971 3658 musicale
2002 3606 2089 3657 des
2124 3608 2323 3657 anciens
2341 3642 2357 3665 ,

405 3708 576 3763 Refice,
606 3704 679 3752 De
710 3702 922 3761 musica,
945 3702 1060 3752 edit.
1098 3701 1161 3751 de
1183 3700 1338 3759 Basle‚
1377 3702 1531 3758 1570,
1553 3714 1602 3763 p.
1632 3703 1755 3751 1371
1791 3706 1841 3749 et
1870 3715 1910 3750 s.
1928 3698 2078 3749 —Css
2113 3698 2358 3759 Macrobe,

411 3796 679 3845 Commeat.
700 3793 751 3842 in
771 3791 938 3843 Somn.
966 3792 1120 3855 Scip„
1141 3792 1226 3843 lib.
1251 3793 1316 3852 11,
1338 3806 1380 3843 c.
1406 3796 1453 3843 1.

474 3886 544 3952 (5)
581 3886 655 3936 En
695 3898 897 3948 mai-ge:
942 3886 1016 3934 De
1049 3886 1332 3949 qeometria.
