3166 4952
1595 432 1678 449 ...
1717 404 1798 466 66
1837 432 1920 449 .-

788 536 923 597 150.
948 532 1147 597 —His
1172 534 1461 615 permixti
1506 536 1782 600 resident
1817 534 2046 597 summi
2081 537 2301 599 sacerd

1030 638 1237 699 Aaron
1286 642 1351 699 et
1395 636 1502 699 filii
1550 638 1646 700 sui
1693 637 1792 701 vel
1839 654 1965 719 nep
2003 682 2290 703 .....
2347 540 2542 925 ξοωβ

1024 742 1137 805 Hic
1190 743 1529 824 prophetas
1576 742 1764 807 etiam
1811 760 2146 806 numerare
2191 763 2233 825 p
2274 790 2290 808 .

1024 848 1395 913 Poculorum
1420 848 1666 930 bajulos
1694 868 1818 929 que
1837 849 2106 913 libenter
2137 848 2225 930 (1)
2257 868 2298 930 p

1026 1096 1281 1171 Daniel,
1334 1095 1618 1159 Ezechiel
1683 1101 1870 1175 atque
1926 1096 2134 1158 Jercm
2176 1140 2192 1157 .

1029 1202 1143 1267 Alii
1166 1202 1497 1265 duodecim
1525 1202 1612 1281 (2)
1644 1219 1913 1280 quorum
1933 1202 2204 1282 prophet

790 996 901 1057 151
924 993 1299 1065 —Quatuor
1338 1010 1451 1073 pre
1490 991 1716 1055 ceteris
1753 993 1990 1072 pollent
2022 1011 2036 1055 ε
2077 992 2201 1054 Ysa

1022 1308 1295 1372 Credidit
1338 1306 1614 1369 Ecclesia
1657 1306 1934 1370 veritatis
1959 1326 1999 1366 v
2041 1354 2057 1371 .
2109 1354 2122 1369 .
2176 1354 2192 1370 .

786 1458 915 1518 152.
942 1486 1017 1501 -
1036 1451 1127 1515 Ad
1145 1451 1579 1531 temptandum
1601 1454 1854 1511 sanctus
1877 1451 1962 1531 (3)
1976 1451 2009 1513 J
2015 1449 2096 1512 ob
2115 1450 2342 1513 Satane
2360 1450 2448 1511 rel

1022 1558 1167 1622 Fert
1220 1575 1508 1618 amarum
1556 1556 1850 1637 poculum
1903 1555 2175 1636 graviter
2211 1556 2316 1617 affl
2357 1602 2373 1617 .
2431 1601 2445 1617 .

1024 1662 1147 1726 Sed
1207 1661 1359 1724 dum
1415 1660 1700 1742 gaudens
1756 1660 1986 1742 excipit
2037 1660 2316 1724 ferientis
2363 1705 2379 1720 .
2426 1706 2442 1724 .

1026 1764 1373 1844 Adjuvante
1432 1762 1698 1825 Domino
1762 1768 2092 1843 permanet
2146 1763 2250 1826 inv
2290 1809 2307 1826 .
2359 1808 2374 1826 .
2426 1809 2442 1826 .

2568 1612 2729 1674 ictus

1026 2003 1429 2085 Singulorum
1483 2002 1737 2064 vascula
1791 2001 2069 2065 funditus
2121 2020 2200 2065 ev

1020 2107 1241 2172 Omnia
1270 2105 1618 2169 resarciens
1657 2106 2009 2187 scriptaque
2045 2125 2196 2187 perv

782 1904 916 1966 153.
944 1898 1259 1961 -Esdras
1300 1898 1502 1961 scriba
1532 1898 1783 1978 sapiens
1811 1898 2012 1978 replet
2051 1896 2198 1959 univ

1020 2212 1355 2277 Hominum
1384 2212 1659 2294 nequitia
1679 2212 1927 2275 fuerant
1949 2211 2034 2292 (4)
2058 2211 2196 2293 disp

1019 2459 1353 2521 Cruentate
1396 2454 1646 2520 victime
1672 2501 1689 2532 ‚
1746 2472 1865 2518 nec
1912 2472 2136 2519 cruore
2179 2473 2247 2519 cr
2285 2503 2300 2518 .
2351 2501 2371 2521 .
2419 2502 2436 2519 .

1020 2563 1461 2636 Delectantur3
1523 2567 1749 2644 regnat
1807 2561 1912 2624 hic
1978 2561 2110 2623 sola
2180 2561 2449 2642 pulchrit

782 2359 999 2420 154.—
1026 2355 1189 2417 Citra
1242 2354 1478 2415 flumen
1541 2352 1792 2433 penitus
1854 2369 1983 2415 non
2039 2357 2134 2415 est
2189 2359 2448 2414 consuet
2695 2360 2702 2365 ’

2486 2370 2514 2738 ζ
2538 2513 2665 2576 udo

1020 2666 1178 2730 Nam
1192 2671 1548 2746 presentem
1565 2665 1903 2727 Dominum
1919 2664 2106 2728 decet
2119 2663 2203 2748 (ὅ)
2223 2666 2444 2729 sanctii

850 2885 921 2950 (t)
960 2885 1067 2951 ραι
1091 2885 1297 2935 libenter
1320 2894 1491 2949 potes,-
1516 2897 1617 2947 que
1645 2892 1701 2935 tu
1727 2885 1906 2936 boireis
1933 2897 2054 2936 avec
2080 2884 2262 2949 plaisir.

851 2982 915 3044 (2)
950 2979 1025 3029 En
1048 2990 1251 3043 merget
1290 2978 1525 3041 Quatuor
1556 2978 1856 3042 principales
1895 2980 2146 3045 prophete.
2184 2978 2449 3030 Duodecim
2487 2978 2716 3032 minores·

844 3071 917 3136 (3)
955 3069 1083 3121 C’est
1104 3069 1232 3122 aussi
1256 3070 1304 3120 la
1330 3070 1668 3131 qualification
1692 3083 1793 3133 que
1819 3071 1890 3124 lui
1915 3071 2077 3124 donne
2103 3072 2226 3124 Jean
2248 3071 2312 3122 de
2335 3071 2584 3136 Salisbury
2613 3073 2726 3138 (1²0-

780 3164 1072 3230 lycratia-5,
1098 3164 1182 3215 lib.
1214 3164 1279 3224 11,
1314 3178 1361 3215 c.
1390 3161 1522 3226 22)=
1563 3165 1708 3229 Apud
1737 3175 1963 3216 sanctum
1997 3165 2105 3217 Job.
2138 3167 2232 3216 Les
2264 3167 2406 3216 Pereo
2443 3164 2504 3216 de
2535 3156 2728 3230 vssgliee

781 3255 939 3308 disent
969 3255 1080 3320 plus
1112 3256 1492 3308 ordinairement
1521 3258 1686 3309 beatus
1727 3257 1838 3311 Job.
1873 3260 1943 3309 Le
1973 3257 2334 3309 commentaire
2365 3257 2430 3308 de
2459 3257 2588 3308 saint
2605 3257 2728 3310 Gre-

782 3349 917 3412 goire
941 3355 1013 3400 est
1036 3347 1266 3400 intitules
1293 3348 1433 3400 Libri
1454 3350 1720 3400 moralium
1753 3351 1853 3402 eive
1885 3351 2129 3416 expositio
2163 3351 2213 3400 in
2249 3349 2432 3400 librum
2459 3349 2586 3400 beati·
2617 3349 2723 3400 Job.

782 3441 873 3492 Job
911 3447 983 3491 est
1008 3439 1127 3492 livre
1150 3442 1179 3490 a
1206 3442 1357 3492 Satan
1382 3456 1507 3506 pour
1540 3443 1646 3492 etre
1678 3446 1837 3504 iente,
1867 3443 1934 3493 ad
1965 3443 2316 3506 temptandum.
2344 3443 2510 3506 Voyes¹
2533 3441 2580 3494 le
2609 3442 2731 3494 livre

784 3533 870 3594 qui
894 3539 1035 3598 porte
1058 3547 1146 3583 son
1170 3547 1302 3593 nom,
1332 3547 1374 3584 c.
1406 3536 1453 3594 1,
1481 3540 1532 3584 et
1561 3547 1691 3599 pour
1711 3547 1769 3584 ce
1788 3534 1879 3595 qui
1899 3533 2031 3595 suit,
2055 3541 2165 3587 tout
2185 3533 2232 3585 le
2255 3541 2399 3588 reste.

853 3623 928 3684 (Δ)
966 3625 1039 3674 En
1102 3635 1308 3686 merge:
1349 3621 1491 3673 Liber
1540 3623 1719 3674 Esdre.
1753 3623 1970 3676 Hesdras
2019 3625 2104 3690 qui
2148 3634 2353 3678 vetarem
2401 3625 2732 3678 bibliothecam

782 3716 1084 3765 destructam
1111 3714 1383 3778 reparavit.

849 3807 920 3874 (ὅ)
956 3808 1029 3858 En
1057 3820 1254 3873 margex
1290 3807 1363 3857 De
1386 3821 1510 3859 novo
1535 3815 1825 3860 testamento
1859 3817 1906 3859 et
1939 3809 2285 3865 conemudinc
2317 3809 2662 3864 ecclesiactica.
